<?xml version="1.0" encoding="UTF-8"?>
<!DOCTYPE html PUBLIC "-//W3C//DTD XHTML 1.0 Transitional//EN"
    "http://www.w3.org/TR/xhtml1/DTD/xhtml1-transitional.dtd">
<html xmlns="http://www.w3.org/1999/xhtml" xml:lang="en" lang="en">
 <head>
  <title>
</title>
<meta http-equiv="Content-Type" content="text/html;charset=utf-8" />
  <meta name='ocr-system' content='tesseract 3.04.00' />
  <meta name='ocr-capabilities' content='ocr_page ocr_carea ocr_par ocr_line ocrx_word'/>
</head>
<body>
  <div class='ocr_page' id='page_1' title='image "./naturalhistory07plinuoft_0118.png"; bbox 0 0 1459 2288; ppageno 0'>
   <div class='ocr_carea' id='block_1_1' title="bbox 73 251 130 282">
    <p class='ocr_par' dir='ltr' id='par_1_1' title="bbox 73 251 130 282">
     <span class='ocr_line' id='line_1_1' title="bbox 73 251 130 282; baseline 0 -1"><span class='ocrx_word' id='word_1_1' title='bbox 73 251 130 282; x_wconf 87' lang='lat'>136</span> 
     </span>
    </p>
   </div>
   <div class='ocr_carea' id='block_1_2' title="bbox 72 889 130 919">
    <p class='ocr_par' dir='ltr' id='par_1_2' title="bbox 72 889 130 919">
     <span class='ocr_line' id='line_1_2' title="bbox 72 889 130 919; baseline 0 0"><span class='ocrx_word' id='word_1_2' title='bbox 72 889 130 919; x_wconf 88' lang='lat'>137</span> 
     </span>
    </p>
   </div>
   <div class='ocr_carea' id='block_1_3' title="bbox 74 1209 132 1239">
    <p class='ocr_par' dir='ltr' id='par_1_3' title="bbox 74 1209 132 1239">
     <span class='ocr_line' id='line_1_3' title="bbox 74 1209 132 1239; baseline 0.017 -1"><span class='ocrx_word' id='word_1_3' title='bbox 74 1209 132 1239; x_wconf 85' lang='lat'>138</span> 
     </span>
    </p>
   </div>
   <div class='ocr_carea' id='block_1_4' title="bbox 360 142 1135 180">
    <p class='ocr_par' dir='ltr' id='par_1_4' title="bbox 360 142 1135 180">
     <span class='ocr_line' id='line_1_4' title="bbox 360 142 1135 180; baseline 0 -1"><span class='ocrx_word' id='word_1_4' title='bbox 360 142 555 179; x_wconf 80' lang='lat' dir='ltr'>PLINY:</span> <span class='ocrx_word' id='word_1_5' title='bbox 602 142 865 179; x_wconf 86' lang='lat' dir='ltr'>NATURAL</span> <span class='ocrx_word' id='word_1_6' title='bbox 899 142 1135 180; x_wconf 83' lang='lat' dir='ltr'>HISTORY</span> 
     </span>
    </p>
   </div>
   <div class='ocr_carea' id='block_1_5' title="bbox 160 242 1337 1573">
    <p class='ocr_par' dir='ltr' id='par_1_5' title="bbox 160 242 1337 867">
     <span class='ocr_line' id='line_1_5' title="bbox 209 242 1332 292; baseline -0.002 -11"><span class='ocrx_word' id='word_1_7' title='bbox 209 244 429 281; x_wconf 78' lang='lat' dir='ltr'>LXXXVI.</span> <span class='ocrx_word' id='word_1_8' title='bbox 459 244 764 292; x_wconf 86' lang='lat' dir='ltr'>Chamaepeuce</span> <span class='ocrx_word' id='word_1_9' title='bbox 795 243 920 280; x_wconf 88' lang='lat' dir='ltr'>laricis</span> <span class='ocrx_word' id='word_1_10' title='bbox 952 242 1043 280; x_wconf 90' lang='lat' dir='ltr'>folio</span> <span class='ocrx_word' id='word_1_11' title='bbox 1073 243 1207 280; x_wconf 90' lang='lat' dir='ltr'>similis</span> <span class='ocrx_word' id='word_1_12' title='bbox 1238 243 1332 280; x_wconf 93' lang='lat' dir='ltr'>lum-</span> 
     </span>
     <span class='ocr_line' id='line_1_6' title="bbox 161 297 1334 346; baseline -0.002 -11"><span class='ocrx_word' id='word_1_13' title='bbox 161 300 299 335; x_wconf 83' lang='lat' dir='ltr'>borum</span> <span class='ocrx_word' id='word_1_14' title='bbox 337 304 378 334; x_wconf 89' lang='lat' dir='ltr'>et</span> <span class='ocrx_word' id='word_1_15' title='bbox 414 300 550 346; x_wconf 83' lang='lat' dir='ltr'>spinae</span> <span class='ocrx_word' id='word_1_16' title='bbox 586 297 786 333; x_wconf 89' lang='lat' dir='ltr'>doloribus</span> <span class='ocrx_word' id='word_1_17' title='bbox 822 299 980 346; x_wconf 86' lang='lat' dir='ltr'>propria</span> <span class='ocrx_word' id='word_1_18' title='bbox 1016 303 1088 333; x_wconf 85' lang='lat' dir='ltr'>est.</span> <span class='ocrx_word' id='word_1_19' title='bbox 1144 297 1334 334; x_wconf 90' lang='lat' dir='ltr'>Chamae-</span> 
     </span>
     <span class='ocr_line' id='line_1_7' title="bbox 160 350 1334 402; baseline -0.001 -14"><span class='ocrx_word' id='word_1_20' title='bbox 160 354 378 402; x_wconf 78' lang='lat' dir='ltr'>cyparissos</span> <span class='ocrx_word' id='word_1_21' title='bbox 399 350 523 386; x_wconf 87' lang='lat' dir='ltr'>herba</span> <span class='ocrx_word' id='word_1_22' title='bbox 545 363 594 386; x_wconf 84' lang='lat' dir='ltr'>ex</span> <span class='ocrx_word' id='word_1_23' title='bbox 616 353 705 386; x_wconf 84' lang='lat' dir='ltr'>vino</span> <span class='ocrx_word' id='word_1_24' title='bbox 727 355 822 399; x_wconf 87' lang='lat' dir='ltr'>pota</span> <span class='ocrx_word' id='word_1_25' title='bbox 843 356 981 386; x_wconf 90' lang='lat' dir='ltr'>contra</span> <span class='ocrx_word' id='word_1_26' title='bbox 1002 363 1157 386; x_wconf 82' lang='lat' dir='ltr'>venena</span> <span class='ocrx_word' id='word_1_27' title='bbox 1177 363 1334 400; x_wconf 89' lang='lat' dir='ltr'>serpen-</span> 
     </span>
     <span class='ocr_line' id='line_1_8' title="bbox 160 403 1335 453; baseline -0.001 -12"><span class='ocrx_word' id='word_1_28' title='bbox 160 408 260 441; x_wconf 85' lang='lat' dir='ltr'>tium</span> <span class='ocrx_word' id='word_1_29' title='bbox 282 406 458 441; x_wconf 88' lang='lat' dir='ltr'>omniurn</span> <span class='ocrx_word' id='word_1_30' title='bbox 480 406 809 453; x_wconf 83' lang='lat' dir='ltr'>scorpionumque</span> <span class='ocrx_word' id='word_1_31' title='bbox 831 403 966 452; x_wconf 88' lang='lat' dir='ltr'>pollet.</span> <span class='ocrx_word' id='word_1_32' title='bbox 1022 403 1335 453; x_wconf 86' lang='lat' dir='ltr'>Ampeloprason</span> 
     </span>
     <span class='ocr_line' id='line_1_9' title="bbox 160 455 1337 507; baseline -0.001 -13"><span class='ocrx_word' id='word_1_33' title='bbox 160 461 201 494; x_wconf 92' lang='lat' dir='ltr'>in</span> <span class='ocrx_word' id='word_1_34' title='bbox 228 460 370 494; x_wconf 64' lang='lat' dir='ltr'>xinetis</span> <span class='ocrx_word' id='word_1_35' title='bbox 398 459 586 501; x_wconf 87' lang='lat' dir='ltr'>nascitur,</span> <span class='ocrx_word' id='word_1_36' title='bbox 613 455 713 493; x_wconf 89' lang='lat' dir='ltr'>foliis</span> <span class='ocrx_word' id='word_1_37' title='bbox 742 459 859 506; x_wconf 88' lang='lat' dir='ltr'>porri,</span> <span class='ocrx_word' id='word_1_38' title='bbox 887 461 1003 493; x_wconf 89' lang='lat' dir='ltr'>ructu</span> <span class='ocrx_word' id='word_1_39' title='bbox 1029 459 1171 507; x_wconf 86' lang='lat' dir='ltr'>gravis,</span> <span class='ocrx_word' id='word_1_40' title='bbox 1199 463 1337 493; x_wconf 86' lang='lat' dir='ltr'>contra</span> 
     </span>
     <span class='ocr_line' id='line_1_10' title="bbox 160 510 1335 560; baseline 0 -13"><span class='ocrx_word' id='word_1_41' title='bbox 160 513 406 560; x_wconf 81' lang='lat' dir='ltr'>serpentium</span> <span class='ocrx_word' id='word_1_42' title='bbox 439 513 539 546; x_wconf 87' lang='lat' dir='ltr'>ictus</span> <span class='ocrx_word' id='word_1_43' title='bbox 573 510 722 546; x_wconf 68' lang='lat' dir='ltr'>efficaX.</span> <span class='ocrx_word' id='word_1_44' title='bbox 793 512 947 546; x_wconf 86' lang='lat' dir='ltr'>urinam</span> <span class='ocrx_word' id='word_1_45' title='bbox 982 515 1024 546; x_wconf 85' lang='lat' dir='ltr'>et</span> <span class='ocrx_word' id='word_1_46' title='bbox 1055 523 1212 547; x_wconf 89' lang='lat' dir='ltr'>menses</span> <span class='ocrx_word' id='word_1_47' title='bbox 1245 513 1335 553; x_wconf 90' lang='lat' dir='ltr'>ciet,</span> 
     </span>
     <span class='ocr_line' id='line_1_11' title="bbox 162 562 1335 613; baseline 0 -13"><span class='ocrx_word' id='word_1_48' title='bbox 162 567 390 613; x_wconf 73' lang='lat' dir='ltr'>eruptiones</span> <span class='ocrx_word' id='word_1_49' title='bbox 432 566 633 613; x_wconf 84' lang='lat' dir='ltr'>sanguinis</span> <span class='ocrx_word' id='word_1_50' title='bbox 674 576 745 612; x_wconf 90' lang='lat' dir='ltr'>per</span> <span class='ocrx_word' id='word_1_51' title='bbox 785 563 961 613; x_wconf 87' lang='lat' dir='ltr'>genitale</span> <span class='ocrx_word' id='word_1_52' title='bbox 1002 562 1157 600; x_wconf 80' lang='lat' dir='ltr'>inhibet</span> <span class='ocrx_word' id='word_1_53' title='bbox 1197 569 1335 613; x_wconf 90' lang='lat' dir='ltr'>potum</span> 
     </span>
     <span class='ocr_line' id='line_1_12' title="bbox 161 616 1337 666; baseline 0 -13"><span class='ocrx_word' id='word_1_54' title='bbox 161 620 470 666; x_wconf 86' lang='lat' dir='ltr'>inpositumque.</span> <span class='ocrx_word' id='word_1_55' title='bbox 526 616 644 653; x_wconf 88' lang='lat' dir='ltr'>datur</span> <span class='ocrx_word' id='word_1_56' title='bbox 661 622 702 653; x_wconf 90' lang='lat' dir='ltr'>et</span> <span class='ocrx_word' id='word_1_57' title='bbox 719 629 741 652; x_wconf 90' lang='lat' dir='ltr'>a</span> <span class='ocrx_word' id='word_1_58' title='bbox 753 622 872 666; x_wconf 87' lang='lat' dir='ltr'>partu</span> <span class='ocrx_word' id='word_1_59' title='bbox 891 616 1121 653; x_wconf 86' lang='lat' dir='ltr'>mulieribus</span> <span class='ocrx_word' id='word_1_60' title='bbox 1138 622 1180 653; x_wconf 87' lang='lat' dir='ltr'>et</span> <span class='ocrx_word' id='word_1_61' title='bbox 1199 622 1337 654; x_wconf 89' lang='lat' dir='ltr'>contra</span> 
     </span>
     <span class='ocr_line' id='line_1_13' title="bbox 161 669 1334 720; baseline 0 -14"><span class='ocrx_word' id='word_1_62' title='bbox 161 673 266 707; x_wconf 88' lang='lat' dir='ltr'>canis</span> <span class='ocrx_word' id='word_1_63' title='bbox 286 683 448 707; x_wconf 90' lang='lat' dir='ltr'>morsus.</span> <span class='ocrx_word' id='word_1_64' title='bbox 505 683 552 706; x_wconf 89' lang='lat' dir='ltr'>ea</span> <span class='ocrx_word' id='word_1_65' title='bbox 571 682 729 719; x_wconf 91' lang='lat' dir='ltr'>quoque</span> <span class='ocrx_word' id='word_1_66' title='bbox 750 683 852 718; x_wconf 86' lang='lat' dir='ltr'>quae</span> <span class='ocrx_word' id='word_1_67' title='bbox 872 669 1032 720; x_wconf 80' lang='lat' dir='ltr'>stachys</span> <span class='ocrx_word' id='word_1_68' title='bbox 1051 675 1214 706; x_wconf 89' lang='lat' dir='ltr'>vocatur</span> <span class='ocrx_word' id='word_1_69' title='bbox 1232 673 1334 720; x_wconf 87' lang='lat' dir='ltr'>porri</span> 
     </span>
     <span class='ocr_line' id='line_1_14' title="bbox 162 722 1337 773; baseline 0.001 -14"><span class='ocrx_word' id='word_1_70' title='bbox 162 723 460 760; x_wconf 82' lang='lat' dir='ltr'>similitudinem</span> <span class='ocrx_word' id='word_1_71' title='bbox 476 723 613 766; x_wconf 88' lang='lat' dir='ltr'>habet,</span> <span class='ocrx_word' id='word_1_72' title='bbox 632 723 875 773; x_wconf 81' lang='lat' dir='ltr'>longioribus</span> <span class='ocrx_word' id='word_1_73' title='bbox 895 722 997 760; x_wconf 87' lang='lat' dir='ltr'>foliis</span> <span class='ocrx_word' id='word_1_74' title='bbox 1017 723 1274 773; x_wconf 88' lang='lat' dir='ltr'>pluribusque</span> <span class='ocrx_word' id='word_1_75' title='bbox 1295 729 1337 760; x_wconf 89' lang='lat' dir='ltr'>et</span> 
     </span>
     <span class='ocr_line' id='line_1_15' title="bbox 160 776 1337 826; baseline 0 -13"><span class='ocrx_word' id='word_1_76' title='bbox 160 777 288 814; x_wconf 90' lang='lat' dir='ltr'>odoris</span> <span class='ocrx_word' id='word_1_77' title='bbox 312 776 472 813; x_wconf 89' lang='lat' dir='ltr'>iucundi</span> <span class='ocrx_word' id='word_1_78' title='bbox 496 776 714 825; x_wconf 88' lang='lat' dir='ltr'>colorisque</span> <span class='ocrx_word' id='word_1_79' title='bbox 737 779 778 812; x_wconf 91' lang='lat' dir='ltr'>in</span> <span class='ocrx_word' id='word_1_80' title='bbox 802 776 956 813; x_wconf 90' lang='lat' dir='ltr'>luteum</span> <span class='ocrx_word' id='word_1_81' title='bbox 980 776 1170 813; x_wconf 86' lang='lat' dir='ltr'>inclinati.</span> <span class='ocrx_word' id='word_1_82' title='bbox 1225 776 1337 826; x_wconf 87' lang='lat' dir='ltr'>pellit</span> 
     </span>
     <span class='ocr_line' id='line_1_16' title="bbox 160 836 377 867; baseline 0 -1"><span class='ocrx_word' id='word_1_83' title='bbox 160 836 377 867; x_wconf 85' lang='lat' dir='ltr'>menstrua.</span> 
     </span>
    </p>

    <p class='ocr_par' dir='ltr' id='par_1_6' title="bbox 160 882 1337 1192">
     <span class='ocr_line' id='line_1_17' title="bbox 209 882 1334 932; baseline 0.001 -13"><span class='ocrx_word' id='word_1_84' title='bbox 209 883 454 919; x_wconf 84' lang='lat' dir='ltr'>LXXXVII.</span> <span class='ocrx_word' id='word_1_85' title='bbox 485 882 761 932; x_wconf 90' lang='lat' dir='ltr'>Clinopodium</span> <span class='ocrx_word' id='word_1_86' title='bbox 794 882 857 918; x_wconf 90' lang='lat' dir='ltr'>alii</span> <span class='ocrx_word' id='word_1_87' title='bbox 889 882 1148 932; x_wconf 84' lang='lat' dir='ltr'>cleopiceton,</span> <span class='ocrx_word' id='word_1_88' title='bbox 1181 885 1243 919; x_wconf 88' lang='lat' dir='ltr'>alii</span> <span class='ocrx_word' id='word_1_89' title='bbox 1274 896 1334 921; x_wconf 90' lang='lat' dir='ltr'>zo·</span> 
     </span>
     <span class='ocr_line' id='line_1_18' title="bbox 160 935 1334 986; baseline 0.001 -14"><span class='ocrx_word' id='word_1_90' title='bbox 160 939 385 986; x_wconf 76' lang='lat' dir='ltr'>pyrontion,</span> <span class='ocrx_word' id='word_1_91' title='bbox 407 936 470 972; x_wconf 88' lang='lat' dir='ltr'>alii</span> <span class='ocrx_word' id='word_1_92' title='bbox 494 936 706 973; x_wconf 89' lang='lat' dir='ltr'>ocimoides</span> <span class='ocrx_word' id='word_1_93' title='bbox 727 935 944 985; x_wconf 80' lang='lat' dir='ltr'>appellant,</span> <span class='ocrx_word' id='word_1_94' title='bbox 965 936 1136 986; x_wconf 87' lang='lat' dir='ltr'>serpyllo</span> <span class='ocrx_word' id='word_1_95' title='bbox 1156 936 1334 980; x_wconf 87' lang='lat' dir='ltr'>similem,</span> 
     </span>
     <span class='ocr_line' id='line_1_19' title="bbox 160 989 1337 1039; baseline 0 -13"><span class='ocrx_word' id='word_1_96' title='bbox 160 989 413 1033; x_wconf 85' lang='lat' dir='ltr'>surculosam,</span> <span class='ocrx_word' id='word_1_97' title='bbox 441 989 561 1038; x_wconf 87' lang='lat' dir='ltr'>palmi</span> <span class='ocrx_word' id='word_1_98' title='bbox 589 989 815 1033; x_wconf 82' lang='lat' dir='ltr'>altitudine,</span> <span class='ocrx_word' id='word_1_99' title='bbox 844 992 884 1025; x_wconf 94' lang='lat' dir='ltr'>in</span> <span class='ocrx_word' id='word_1_100' title='bbox 910 992 1092 1039; x_wconf 83' lang='lat' dir='ltr'>petrosis,</span> <span class='ocrx_word' id='word_1_101' title='bbox 1119 990 1337 1027; x_wconf 84' lang='lat' dir='ltr'>orbiculato</span> 
     </span>
     <span class='ocr_line' id='line_1_20' title="bbox 162 1042 1335 1092; baseline 0.001 -13"><span class='ocrx_word' id='word_1_102' title='bbox 162 1043 330 1079; x_wconf 74' lang='lat' dir='ltr'>floruml</span> <span class='ocrx_word' id='word_1_103' title='bbox 370 1044 522 1079; x_wconf 89' lang='lat' dir='ltr'>ambitu</span> <span class='ocrx_word' id='word_1_104' title='bbox 561 1045 732 1092; x_wconf 87' lang='lat' dir='ltr'>speciem</span> <span class='ocrx_word' id='word_1_105' title='bbox 776 1042 868 1079; x_wconf 88' lang='lat' dir='ltr'>lecti</span> <span class='ocrx_word' id='word_1_106' title='bbox 911 1043 1060 1092; x_wconf 91' lang='lat' dir='ltr'>pedum</span> <span class='ocrx_word' id='word_1_107' title='bbox 1103 1044 1335 1092; x_wconf 85' lang='lat' dir='ltr'>praebente.</span> 
     </span>
     <span class='ocr_line' id='line_1_21' title="bbox 160 1096 1335 1146; baseline 0.001 -14"><span class='ocrx_word' id='word_1_108' title='bbox 160 1097 310 1132; x_wconf 90' lang='lat' dir='ltr'>bibitur</span> <span class='ocrx_word' id='word_1_109' title='bbox 339 1096 389 1132; x_wconf 90' lang='lat' dir='ltr'>ad</span> <span class='ocrx_word' id='word_1_110' title='bbox 417 1096 616 1139; x_wconf 83' lang='lat' dir='ltr'>convulsa,</span> <span class='ocrx_word' id='word_1_111' title='bbox 645 1102 776 1145; x_wconf 86' lang='lat' dir='ltr'>rupta,</span> <span class='ocrx_word' id='word_1_112' title='bbox 806 1099 1063 1146; x_wconf 80' lang='lat' dir='ltr'>strangurias,</span> <span class='ocrx_word' id='word_1_113' title='bbox 1091 1099 1335 1146; x_wconf 87' lang='lat' dir='ltr'>serpentium</span> 
     </span>
     <span class='ocr_line' id='line_1_22' title="bbox 160 1149 772 1192; baseline 0 -7"><span class='ocrx_word' id='word_1_114' title='bbox 160 1152 274 1192; x_wconf 89' lang='lat' dir='ltr'>ictus,</span> <span class='ocrx_word' id='word_1_115' title='bbox 292 1152 390 1186; x_wconf 83' lang='lat' dir='ltr'>item</span> <span class='ocrx_word' id='word_1_116' title='bbox 411 1149 599 1186; x_wconf 87' lang='lat' dir='ltr'>decoctae</span> <span class='ocrx_word' id='word_1_117' title='bbox 615 1149 630 1172; x_wconf 82' lang='lat'><strong>2</strong></span> <span class='ocrx_word' id='word_1_118' title='bbox 646 1162 772 1186; x_wconf 80' lang='lat' dir='ltr'>sucus.</span> 
     </span>
    </p>

    <p class='ocr_par' dir='ltr' id='par_1_7' title="bbox 161 1202 1337 1346">
     <span class='ocr_line' id='line_1_23' title="bbox 212 1202 1336 1240; baseline 0.002 -2"><span class='ocrx_word' id='word_1_119' title='bbox 212 1202 476 1238; x_wconf 84' lang='lat' dir='ltr'>LXXXVIII.</span> <span class='ocrx_word' id='word_1_120' title='bbox 507 1202 622 1239; x_wconf 78' lang='lat' dir='ltr'>Nunc</span> <span class='ocrx_word' id='word_1_121' title='bbox 659 1204 919 1239; x_wconf 78' lang='lat' dir='ltr'>subtexemus</span> <span class='ocrx_word' id='word_1_122' title='bbox 957 1202 1100 1240; x_wconf 89' lang='lat' dir='ltr'>herbas</span> <span class='ocrx_word' id='word_1_123' title='bbox 1136 1203 1336 1240; x_wconf 90' lang='lat' dir='ltr'>mirabiles</span> 
     </span>
     <span class='ocr_line' id='line_1_24' title="bbox 162 1255 1337 1306; baseline 0.001 -14"><span class='ocrx_word' id='word_1_124' title='bbox 162 1256 337 1305; x_wconf 90' lang='lat' dir='ltr'>quidem,</span> <span class='ocrx_word' id='word_1_125' title='bbox 372 1255 442 1292; x_wconf 91' lang='lat' dir='ltr'>sed</span> <span class='ocrx_word' id='word_1_126' title='bbox 479 1258 607 1292; x_wconf 91' lang='lat' dir='ltr'>minus</span> <span class='ocrx_word' id='word_1_127' title='bbox 646 1256 782 1299; x_wconf 88' lang='lat' dir='ltr'>claras,</span> <span class='ocrx_word' id='word_1_128' title='bbox 816 1256 1017 1293; x_wconf 88' lang='lat' dir='ltr'>nobilibus</span> <span class='ocrx_word' id='word_1_129' title='bbox 1053 1259 1095 1293; x_wconf 89' lang='lat' dir='ltr'>in</span> <span class='ocrx_word' id='word_1_130' title='bbox 1128 1259 1337 1306; x_wconf 89' lang='lat' dir='ltr'>sequentia</span> 
     </span>
     <span class='ocr_line' id='line_1_25' title="bbox 161 1309 521 1346; baseline 0 -1"><span class='ocrx_word' id='word_1_131' title='bbox 161 1309 361 1346; x_wconf 78' lang='lat' dir='ltr'>volumina</span> <span class='ocrx_word' id='word_1_132' title='bbox 379 1309 521 1345; x_wconf 86' lang='lat' dir='ltr'>dilatis.</span> 
     </span>
    </p>

    <p class='ocr_par' dir='ltr' id='par_1_8' title="bbox 161 1361 1336 1573">
     <span class='ocr_line' id='line_1_26' title="bbox 212 1361 1335 1406; baseline 0.002 -8"><span class='ocrx_word' id='word_1_133' title='bbox 212 1362 504 1398; x_wconf 86' lang='lat' dir='ltr'>Centunculum</span> <span class='ocrx_word' id='word_1_134' title='bbox 525 1368 668 1399; x_wconf 89' lang='lat' dir='ltr'>vocant</span> <span class='ocrx_word' id='word_1_135' title='bbox 688 1365 825 1406; x_wconf 89' lang='lat' dir='ltr'>nostri,</span> <span class='ocrx_word' id='word_1_136' title='bbox 846 1361 946 1400; x_wconf 87' lang='lat' dir='ltr'>foliis</span> <span class='ocrx_word' id='word_1_137' title='bbox 968 1363 1019 1400; x_wconf 89' lang='lat' dir='ltr'>ad</span> <span class='ocrx_word' id='word_1_138' title='bbox 1038 1363 1335 1400; x_wconf 88' lang='lat' dir='ltr'>similitudinem</span> 
     </span>
     <span class='ocr_line' id='line_1_27' title="bbox 161 1415 1335 1464; baseline 0.002 -13"><span class='ocrx_word' id='word_1_139' title='bbox 161 1418 300 1464; x_wconf 84' lang='lat' dir='ltr'>capitis</span> <span class='ocrx_word' id='word_1_140' title='bbox 353 1415 627 1464; x_wconf 86' lang='lat' dir='ltr'>paenularum,</span> <span class='ocrx_word' id='word_1_141' title='bbox 679 1419 879 1452; x_wconf 84' lang='lat' dir='ltr'>iacentem</span> <span class='ocrx_word' id='word_1_142' title='bbox 930 1419 970 1453; x_wconf 91' lang='lat' dir='ltr'>in</span> <span class='ocrx_word' id='word_1_143' title='bbox 1023 1419 1136 1460; x_wconf 85' lang='lat' dir='ltr'>arvis,</span> <span class='ocrx_word' id='word_1_144' title='bbox 1195 1416 1335 1454; x_wconf 88' lang='lat' dir='ltr'>Graeci</span> 
     </span>
     <span class='ocr_line' id='line_1_28' title="bbox 161 1468 1336 1519; baseline 0.002 -14"><span class='ocrx_word' id='word_1_145' title='bbox 161 1469 428 1512; x_wconf 84' lang='lat' dir='ltr'>clematidem‚</span> <span class='ocrx_word' id='word_1_146' title='bbox 468 1472 617 1519; x_wconf 83' lang='lat' dir='ltr'>egregii</span> <span class='ocrx_word' id='word_1_147' title='bbox 657 1468 820 1506; x_wconf 86' lang='lat' dir='ltr'>effectus</span> <span class='ocrx_word' id='word_1_148' title='bbox 862 1469 912 1506; x_wconf 87' lang='lat' dir='ltr'>ad</span> <span class='ocrx_word' id='word_1_149' title='bbox 949 1469 1166 1506; x_wconf 87' lang='lat' dir='ltr'>sistendam</span> <span class='ocrx_word' id='word_1_150' title='bbox 1206 1470 1336 1507; x_wconf 87' lang='lat' dir='ltr'>alvum</span> 
     </span>
     <span class='ocr_line' id='line_1_29' title="bbox 162 1522 1336 1573; baseline 0.003 -15"><span class='ocrx_word' id='word_1_151' title='bbox 162 1525 202 1558; x_wconf 94' lang='lat' dir='ltr'>in</span> <span class='ocrx_word' id='word_1_152' title='bbox 246 1525 336 1559; x_wconf 81' lang='lat' dir='ltr'>vino</span> <span class='ocrx_word' id='word_1_153' title='bbox 386 1528 556 1559; x_wconf 84' lang='lat' dir='ltr'>austero.</span> <span class='ocrx_word' id='word_1_154' title='bbox 622 1522 728 1559; x_wconf 89' lang='lat' dir='ltr'>idem</span> <span class='ocrx_word' id='word_1_155' title='bbox 780 1525 1014 1573; x_wconf 86' lang='lat' dir='ltr'>sanguinem</span> <span class='ocrx_word' id='word_1_156' title='bbox 1066 1525 1169 1560; x_wconf 86' lang='lat' dir='ltr'>sistit</span> <span class='ocrx_word' id='word_1_157' title='bbox 1219 1526 1336 1561; x_wconf 80' lang='lat' dir='ltr'>tritus</span> 
     </span>
    </p>
   </div>
   <div class='ocr_carea' id='block_1_6' title="bbox 165 1606 1337 1734">
    <p class='ocr_par' dir='ltr' id='par_1_9' title="bbox 165 1606 1337 1734">
     <span class='ocr_line' id='line_1_30' title="bbox 207 1606 924 1647; baseline 0.003 -9"><span class='ocrx_word' id='word_1_158' title='bbox 207 1608 217 1626; x_wconf 88' lang='lat'>¹</span> <span class='ocrx_word' id='word_1_159' title='bbox 241 1606 363 1639; x_wconf 90' lang='lat' dir='ltr'>florum</span> <span class='ocrx_word' id='word_1_160' title='bbox 386 1608 631 1647; x_wconf 68' lang='lat' dir='ltr'>Warmz‘nqton:</span> <span class='ocrx_word' id='word_1_161' title='bbox 657 1608 817 1640; x_wconf 84' lang='lat' dir='ltr'>foliorum</span> <span class='ocrx_word' id='word_1_162' title='bbox 833 1608 924 1640; x_wconf 79' lang='lat' dir='ltr'>codd.</span> 
     </span>
     <span class='ocr_line' id='line_1_31' title="bbox 211 1650 1337 1692; baseline 0.003 -12"><span class='ocrx_word' id='word_1_163' title='bbox 211 1651 222 1669; x_wconf 83' lang='lat'><strong>²</strong></span> <span class='ocrx_word' id='word_1_164' title='bbox 247 1650 407 1681; x_wconf 82' lang='lat' dir='ltr'>decoctae</span> <span class='ocrx_word' id='word_1_165' title='bbox 426 1661 525 1681; x_wconf 83' lang='lat' dir='ltr'>sucus</span> <span class='ocrx_word' id='word_1_166' title='bbox 545 1651 608 1681; x_wconf 75' lang='lat' dir='ltr'>duo</span> <span class='ocrx_word' id='word_1_167' title='bbox 627 1651 715 1682; x_wconf 78' lang='lat' dir='ltr'>codd.</span> <span class='ocrx_word' id='word_1_168' title='bbox 736 1656 765 1682; x_wconf 80' lang='lat' dir='ltr'>et</span> <span class='ocrx_word' id='word_1_169' title='bbox 784 1651 826 1682; x_wconf 85' lang='lat' dir='ltr'><em>M</em></span> <span class='ocrx_word' id='word_1_170' title='bbox 827 1651 947 1692; x_wconf 71' lang='lat' dir='ltr'>aybeff,</span> <span class='ocrx_word' id='word_1_171' title='bbox 967 1651 1024 1692; x_wconf 82' lang='lat' dir='ltr'>qui</span> <span class='ocrx_word' id='word_1_172' title='bbox 1043 1657 1072 1683; x_wconf 83' lang='lat' dir='ltr'>et</span> <span class='ocrx_word' id='word_1_173' title='bbox 1090 1653 1141 1683; x_wconf 78' lang='lat' dir='ltr'>ius</span> <span class='ocrx_word' id='word_1_174' title='bbox 1160 1663 1219 1692; x_wconf 75' lang='lat' dir='ltr'>pro</span> <span class='ocrx_word' id='word_1_175' title='bbox 1237 1662 1337 1683; x_wconf 78' lang='lat' dir='ltr'>sucus</span> 
     </span>
     <span class='ocr_line' id='line_1_32' title="bbox 165 1693 1278 1734; baseline 0.003 -11"><span class='ocrx_word' id='word_1_176' title='bbox 165 1693 262 1730; x_wconf 67' lang='lat' dir='ltr'>coni„</span> <span class='ocrx_word' id='word_1_177' title='bbox 273 1693 412 1733; x_wconf 74' lang='lat' dir='ltr'>sortasse</span> <span class='ocrx_word' id='word_1_178' title='bbox 428 1698 524 1725; x_wconf 78' lang='lat' dir='ltr'>recte:</span> <span class='ocrx_word' id='word_1_179' title='bbox 557 1693 697 1725; x_wconf 85' lang='lat' dir='ltr'>decocta</span> <span class='ocrx_word' id='word_1_180' title='bbox 713 1698 748 1725; x_wconf 80' lang='lat' dir='ltr'>et</span> <span class='ocrx_word' id='word_1_181' title='bbox 764 1705 863 1725; x_wconf 83' lang='lat' dir='ltr'>sucus</span> <span class='ocrx_word' id='word_1_182' title='bbox 879 1694 973 1726; x_wconf 79' lang='lat' dir='ltr'>ceteri</span> <span class='ocrx_word' id='word_1_183' title='bbox 988 1695 1089 1731; x_wconf 70' lang='lat' dir='ltr'>codd„</span> <span class='ocrx_word' id='word_1_184' title='bbox 1106 1694 1278 1734; x_wconf 74' lang='lat' dir='ltr'>Detlefsen.</span> 
     </span>
    </p>
   </div>
   <div class='ocr_carea' id='block_1_7' title="bbox 156 1801 1336 2057">
    <p class='ocr_par' dir='ltr' id='par_1_10' title="bbox 156 1801 1336 2057">
     <span class='ocr_line' id='line_1_33' title="bbox 200 1801 1336 1845; baseline 0.005 -14"><span class='ocrx_word' id='word_1_185' title='bbox 200 1804 213 1819; x_wconf 74' lang='lat'><strong><em>⁰</em></strong></span> <span class='ocrx_word' id='word_1_186' title='bbox 237 1801 451 1832; x_wconf 83' lang='lat' dir='ltr'>Dioscorides</span> <span class='ocrx_word' id='word_1_187' title='bbox 473 1801 538 1832; x_wconf 91' lang='lat' dir='ltr'>III.</span> <span class='ocrx_word' id='word_1_188' title='bbox 556 1803 596 1832; x_wconf 88' lang='grc'>95</span> <span class='ocrx_word' id='word_1_189' title='bbox 612 1801 855 1842; x_wconf 58' lang='lat' dir='ltr'>(IVellmann):</span> <span class='ocrx_word' id='word_1_190' title='bbox 889 1802 990 1843; x_wconf 88' lang='grc' dir='ltr'>(ἔχον)</span> <span class='ocrx_word' id='word_1_191' title='bbox 1007 1803 1084 1844; x_wconf 86' lang='grc' dir='ltr'>ἅνθη</span> <span class='ocrx_word' id='word_1_192' title='bbox 1107 1803 1201 1843; x_wconf 84' lang='grc' dir='ltr'>ὅμοια</span> <span class='ocrx_word' id='word_1_193' title='bbox 1225 1803 1336 1845; x_wconf 81' lang='grc' dir='ltr'>κλίνης</span> 
     </span>
     <span class='ocr_line' id='line_1_34' title="bbox 157 1843 1335 1885; baseline 0.003 -11"><span class='ocrx_word' id='word_1_194' title='bbox 157 1843 249 1875; x_wconf 81' lang='grc' dir='ltr'>ποσὶν</span> <span class='ocrx_word' id='word_1_195' title='bbox 266 1843 302 1875; x_wconf 92' lang='grc' dir='ltr'>ἐκ</span> <span class='ocrx_word' id='word_1_196' title='bbox 318 1845 556 1885; x_wconf 78' lang='grc' dir='ltr'>διαστημάτων,</span> <span class='ocrx_word' id='word_1_197' title='bbox 575 1845 593 1856; x_wconf 84' lang='grc'>“</span> <span class='ocrx_word' id='word_1_198' title='bbox 605 1845 732 1885; x_wconf 80' lang='lat' dir='ltr'>having</span> <span class='ocrx_word' id='word_1_199' title='bbox 749 1845 877 1876; x_wconf 78' lang='lat' dir='ltr'>flowers</span> <span class='ocrx_word' id='word_1_200' title='bbox 898 1845 965 1876; x_wconf 86' lang='lat' dir='ltr'>like</span> <span class='ocrx_word' id='word_1_201' title='bbox 981 1845 1040 1876; x_wconf 84' lang='lat' dir='ltr'>the</span> <span class='ocrx_word' id='word_1_202' title='bbox 1056 1846 1125 1876; x_wconf 77' lang='lat' dir='ltr'>feet</span> <span class='ocrx_word' id='word_1_203' title='bbox 1142 1846 1180 1876; x_wconf 89' lang='lat' dir='ltr'>of</span> <span class='ocrx_word' id='word_1_204' title='bbox 1192 1856 1211 1876; x_wconf 86' lang='lat' dir='ltr'>a</span> <span class='ocrx_word' id='word_1_205' title='bbox 1229 1846 1335 1877; x_wconf 86' lang='lat' dir='ltr'>couch</span> 
     </span>
     <span class='ocr_line' id='line_1_35' title="bbox 156 1887 1335 1929; baseline 0.002 -13"><span class='ocrx_word' id='word_1_206' title='bbox 156 1890 193 1916; x_wconf 81' lang='lat' dir='ltr'>at</span> <span class='ocrx_word' id='word_1_207' title='bbox 209 1887 408 1918; x_wconf 77' lang='lat' dir='ltr'>intervals.⁷’</span> <span class='ocrx_word' id='word_1_208' title='bbox 455 1887 535 1918; x_wconf 80' lang='lat' dir='ltr'>This</span> <span class='ocrx_word' id='word_1_209' title='bbox 557 1889 585 1918; x_wconf 87' lang='lat' dir='ltr'>is</span> <span class='ocrx_word' id='word_1_210' title='bbox 607 1898 626 1918; x_wconf 86' lang='lat' dir='ltr'>a</span> <span class='ocrx_word' id='word_1_211' title='bbox 649 1888 737 1928; x_wconf 85' lang='lat' dir='ltr'>good</span> <span class='ocrx_word' id='word_1_212' title='bbox 757 1889 967 1929; x_wconf 83' lang='lat' dir='ltr'>description</span> <span class='ocrx_word' id='word_1_213' title='bbox 989 1889 1027 1919; x_wconf 91' lang='lat' dir='ltr'>of</span> <span class='ocrx_word' id='word_1_214' title='bbox 1039 1889 1118 1920; x_wconf 74' lang='lat' dir='ltr'>wild</span> <span class='ocrx_word' id='word_1_215' title='bbox 1135 1888 1239 1925; x_wconf 88' lang='lat' dir='ltr'>basil;</span> <span class='ocrx_word' id='word_1_216' title='bbox 1266 1890 1293 1919; x_wconf 79' lang='lat' dir='ltr'>it</span> <span class='ocrx_word' id='word_1_217' title='bbox 1308 1889 1335 1919; x_wconf 79' lang='lat' dir='ltr'>is</span> 
     </span>
     <span class='ocr_line' id='line_1_36' title="bbox 156 1929 1335 1972; baseline 0.002 -12"><span class='ocrx_word' id='word_1_218' title='bbox 156 1929 215 1960; x_wconf 80' lang='lat' dir='ltr'>the</span> <span class='ocrx_word' id='word_1_219' title='bbox 235 1929 375 1966; x_wconf 81' lang='lat' dir='ltr'>flowers,</span> <span class='ocrx_word' id='word_1_220' title='bbox 398 1933 461 1961; x_wconf 77' lang='lat' dir='ltr'>not</span> <span class='ocrx_word' id='word_1_221' title='bbox 481 1930 539 1961; x_wconf 79' lang='lat' dir='ltr'>the</span> <span class='ocrx_word' id='word_1_222' title='bbox 561 1931 683 1967; x_wconf 83' lang='lat' dir='ltr'>leaves,</span> <span class='ocrx_word' id='word_1_223' title='bbox 707 1931 785 1962; x_wconf 78' lang='lat' dir='ltr'>that</span> <span class='ocrx_word' id='word_1_224' title='bbox 806 1942 863 1962; x_wconf 84' lang='lat' dir='ltr'>are</span> <span class='ocrx_word' id='word_1_225' title='bbox 887 1931 1052 1972; x_wconf 83' lang='lat' dir='ltr'>arranged</span> <span class='ocrx_word' id='word_1_226' title='bbox 1076 1933 1110 1962; x_wconf 88' lang='lat' dir='ltr'>in</span> <span class='ocrx_word' id='word_1_227' title='bbox 1133 1942 1154 1962; x_wconf 89' lang='lat' dir='ltr'>a</span> <span class='ocrx_word' id='word_1_228' title='bbox 1178 1931 1275 1963; x_wconf 81' lang='lat' dir='ltr'>circle</span> <span class='ocrx_word' id='word_1_229' title='bbox 1297 1935 1335 1962; x_wconf 80' lang='lat' dir='ltr'>at</span> 
     </span>
     <span class='ocr_line' id='line_1_37' title="bbox 157 1971 1333 2013; baseline 0.002 -11"><span class='ocrx_word' id='word_1_230' title='bbox 157 1973 329 2003; x_wconf 82' lang='lat' dir='ltr'>intervals.</span> <span class='ocrx_word' id='word_1_231' title='bbox 375 1971 497 2003; x_wconf 84' lang='lat' dir='ltr'>Unless</span> <span class='ocrx_word' id='word_1_232' title='bbox 517 1973 615 2013; x_wconf 84' lang='lat' dir='ltr'>Pliny</span> <span class='ocrx_word' id='word_1_233' title='bbox 637 1973 698 2004; x_wconf 86' lang='lat' dir='ltr'>has</span> <span class='ocrx_word' id='word_1_234' title='bbox 717 1973 818 2004; x_wconf 85' lang='lat' dir='ltr'>made</span> <span class='ocrx_word' id='word_1_235' title='bbox 836 1984 857 2005; x_wconf 87' lang='lat' dir='ltr'>a</span> <span class='ocrx_word' id='word_1_236' title='bbox 878 1974 1035 2011; x_wconf 81' lang='lat' dir='ltr'>mistake,</span> <span class='ocrx_word' id='word_1_237' title='bbox 1059 1984 1107 2005; x_wconf 77' lang='lat' dir='ltr'>we</span> <span class='ocrx_word' id='word_1_238' title='bbox 1128 1978 1220 2005; x_wconf 84' lang='lat' dir='ltr'>must</span> <span class='ocrx_word' id='word_1_239' title='bbox 1243 1974 1333 2009; x_wconf 85' lang='lat' dir='ltr'>read,</span> 
     </span>
     <span class='ocr_line' id='line_1_38' title="bbox 156 2014 1148 2057; baseline 0.004 -12"><span class='ocrx_word' id='word_1_240' title='bbox 156 2025 193 2046; x_wconf 84' lang='lat' dir='ltr'>as</span> <span class='ocrx_word' id='word_1_241' title='bbox 209 2016 244 2046; x_wconf 88' lang='lat' dir='ltr'>in</span> <span class='ocrx_word' id='word_1_242' title='bbox 259 2015 318 2046; x_wconf 85' lang='lat' dir='ltr'>the</span> <span class='ocrx_word' id='word_1_243' title='bbox 334 2014 436 2046; x_wconf 79' lang='lat' dir='ltr'>Latin</span> <span class='ocrx_word' id='word_1_244' title='bbox 452 2018 538 2052; x_wconf 74' lang='lat' dir='ltr'>text,</span> <span class='ocrx_word' id='word_1_245' title='bbox 548 2015 674 2055; x_wconf 75' lang='lat' dir='ltr'>florum</span> <span class='ocrx_word' id='word_1_246' title='bbox 689 2016 742 2047; x_wconf 87' lang='lat' dir='ltr'>for</span> <span class='ocrx_word' id='word_1_247' title='bbox 751 2016 915 2057; x_wconf 80' lang='lat' dir='ltr'>foliorum</span> <span class='ocrx_word' id='word_1_248' title='bbox 931 2017 970 2048; x_wconf 88' lang='lat' dir='ltr'>of</span> <span class='ocrx_word' id='word_1_249' title='bbox 981 2016 1041 2048; x_wconf 78' lang='lat' dir='ltr'>the</span> <span class='ocrx_word' id='word_1_250' title='bbox 1056 2016 1148 2049; x_wconf 89' lang='lat' dir='ltr'><strong>MSS.</strong></span> 
     </span>
    </p>
   </div>
   <div class='ocr_carea' id='block_1_8' title="bbox 160 2072 205 2117">
    <p class='ocr_par' dir='ltr' id='par_1_11' title="bbox 160 2072 205 2117">
     <span class='ocr_line' id='line_1_39' title="bbox 160 2072 205 2117; baseline 0 -10"><span class='ocrx_word' id='word_1_251' title='bbox 160 2072 205 2117; x_wconf 91' lang='lat'>98</span> 
     </span>
    </p>
   </div>
  </div>
 </body>
</html>
