1459 2288
130 281 168 312 71

130 714 169 744 72

130 1147 169 1178 73

401 172 596 209 PLINY:
641 172 905 210 NATURAL
937 171 1174 210 HISTORY

246 275 367 312 XLV.
397 274 621 324 Septimum
672 274 911 312 dendroides
962 277 1258 325 cognominant,
1309 275 1377 313 alii

197 363 350 406 cobion,
375 361 440 398 alii
463 361 754 412 leptophyllon,
777 364 819 398 in
841 364 965 411 petris
990 374 1169 406 nascens,
1194 365 1375 400 comosis-

195 451 338 485 simum
365 461 414 485 ex
440 448 634 491 omnibus,
660 450 842 484 maximis
858 447 873 470 1
898 447 1100 484 cauliculis
1125 448 1375 493 rubentibus,

196 542 238 572 et
278 538 428 572 semine
470 537 793 584 copiosissimum,
837 534 1015 571 eiusdem
1057 533 1220 572 effectus
1262 538 1374 572 cuius

195 621 424 658 characias.2

246 707 389 744 XLVI.
418 708 541 758 Apios
575 707 701 745 ischas
736 710 818 745 sive
851 707 1047 757 raphanos
1082 711 1204 758 agria,
1238 711 1374 746 iuncos

194 794 291 832 duos
317 800 387 831 aut
410 801 491 831 tres
517 797 668 845 spargit
691 797 731 831 in
756 801 863 832 terra
886 795 1092 839 rubentes,
1117 793 1219 832 foliis
1244 801 1371 832 rutae.

194 881 305 918 radix
333 894 470 931 cepae,
499 881 569 918 sed
599 881 777 930 amplior,
807 894 929 931 quare
959 881 1122 931 quidam
1149 881 1374 931 raphanum

195 968 417 1005 silvestrem
437 973 591 1004 vocant.
645 971 753 1005 intus
772 967 897 1004 habet
914 981 1131 1004 mammam
1150 968 1376 1012 candidam,

196 1060 310 1092 extra
338 1057 502 1091 cortices
532 1057 675 1104 nigros.
731 1057 905 1091 nascitur
928 1056 970 1090 in
998 1057 1188 1091 montosis
1214 1058 1375 1105 asperis,

196 1141 408 1191 aliquando
435 1147 477 1178 et
501 1143 542 1177 in
568 1141 756 1178 herbosis.
813 1140 998 1178 effoditur
1023 1154 1116 1178 vere
1141 1147 1312 1192 tusaque
1337 1145 1378 1179 in

196 1229 307 1266 fictili
325 1231 532 1279 mergitur,
554 1228 792 1278 deiectoque
814 1229 920 1278 quod
941 1234 1178 1278 supernatat
1198 1229 1374 1279 reliquus

194 1329 307 1353 sucus
322 1321 468 1366 purgat
483 1321 653 1365 utraque
668 1321 784 1366 parte
800 1315 1049 1365 sesquiobolo
1061 1318 1102 1352 in
1118 1329 1222 1366 aqua
1236 1316 1374 1354 mulsa.

194 1405 248 1440 sic
261 1409 303 1440 et
313 1402 537 1453 hydropicis
550 1402 669 1439 datur
681 1402 881 1440 acetabuli
891 1415 1087 1440 mensura.
1135 1405 1377 1454 inspargitur

197 1495 238 1527 et
270 1490 404 1527 aridae
435 1489 575 1527 radicis
608 1488 736 1526 farina
767 1491 931 1539 potioni.
986 1492 1099 1527 aiunt
1131 1493 1375 1540 superiorem

247 1594 259 1613 ¹
283 1594 442 1624 maximis
457 1593 604 1633 plerique
622 1592 723 1630 oodd„
742 1592 916 1633 Dedefsm,
934 1592 1093 1634 Mayhoff
1103 1605 1110 1624 :
1141 1595 1290 1625 maxime
1307 1604 1324 1625 r
1341 1605 1372 1632 a,

202 1636 359 1677 Maylzoff
374 1637 458 1667 coni.
481 1646 656 1667 comosum
676 1637 878 1676 [corruptum
898 1636 936 1667 in
957 1637 1225 1668 comosissimum
1248 1639 1370 1676 (como-

200 1681 387 1717 sumosum)
404 1689 464 1719 per
481 1678 748 1718 diltoqrapkiam]
774 1702 918 1710 .....
943 1680 1102 1710 maxime.

244 1724 256 1741 2
281 1722 466 1762 characias]
486 1721 665 1753 characian
682 1722 767 1753 coni.
786 1721 944 1763 Mayhoff
954 1734 961 1753 ε
994 1721 1150 1753 characia
1167 1726 1224 1753 aut
1241 1723 1373 1754 caracia

200 1765 288 1797 codd.

240 1919 254 1933 ‘³
278 1914 444 1946 Maximis
462 1915 489 1945 is
504 1914 651 1955 perhaps
667 1925 687 1945 a
702 1917 838 1955 strange
854 1914 986 1955 epithet
1001 1916 1038 1945 to
1054 1913 1095 1945 be
1111 1913 1247 1955 applied
1262 1917 1300 1946 to
1315 1914 1374 1946 the

195 1958 399 1990 diminutive
415 1957 598 1988 cauliculi-s.
645 1957 679 1988 It
695 1967 776 1998 may
791 1967 891 1988 mean
905 1957 984 1988 that
999 1957 1058 1988 the
1073 1958 1184 1988 minor
1198 1961 1303 1989 stems
1318 1968 1374 1988 are

196 2000 464 2042 comparatively
476 2000 578 2041 large,
592 2000 655 2031 but
666 2000 725 2031 the
739 2000 933 2040 conjecture
945 2000 984 2031 of
991 2000 1149 2040 Mayhoff
1157 2001 1185 2031 is
1196 2000 1374 2041 plausible,

195 2045 273 2076 that
307 2043 406 2085 Pliny
441 2046 544 2075 wrote
578 2053 741 2075 comosum
765 2067 772 2074 .
799 2067 806 2074 .
832 2068 840 2075 .
865 2043 1016 2080 maxime,
1047 2043 1130 2075 with
1163 2053 1208 2074 no
1241 2043 1374 2085 epitheto

195 2107 264 2155 316
