1459 2288
91 801 131 830 41

90 1273 132 1302 42

362 162 556 199 PLINY:
601 163 864 200 NATURAL
897 163 1133 200 HISTORY

161 280 325 303 nascens
346 270 385 303 in
408 272 546 316 segete
570 280 614 303 ac
636 269 772 316 pratis,
793 266 887 303 flore
909 267 999 304 albo
1021 267 1196 304 odorata.
1252 271 1334 305 eius

159 326 374 362 cauliculus
412 328 632 362 conteritur
669 338 718 362 ex
757 328 847 361 vino
885 332 1031 362 vetere.
1087 326 1210 363 XXV.
1239 329 1335 363 item

160 384 283 420 herba
301 384 496 420 calcetum
517 398 538 420 e
557 387 728 421 vinaceis
746 387 917 421 contrita
935 387 1149 434 inponitur.
1204 384 1336 422 faciles

160 449 337 492 praestat
359 446 592 479 vomitiones
614 443 724 479 radix
747 446 986 486 vettonicae,
1007 443 1199 480 hellebori
1219 445 1336 481 modo

160 508 351 551 quattuor
364 501 559 538 drachmis
572 505 611 538 in
626 515 739 551 passo
753 507 822 538 aut
835 502 975 545 mulso,
987 501 1183 552 hysopum
1197 506 1335 540 tritum

159 574 248 597 cum
276 560 408 603 melle,
436 561 571 597 utilius
598 566 855 610 praesumpto
882 563 1077 597 nasturtio
1105 567 1174 597 aut
1200 564 1336 605 irione,

160 619 443 656 molemonium
482 619 632 656 denarii
670 619 857 669 pondere.
913 625 955 656 et
991 619 1151 669 sillybil
1187 620 1336 657 lacteus

159 692 274 714 sucus
304 681 371 728 qui
401 678 592 715 densatur
620 681 660 714 in
689 681 877 714 cummim
906 681 1074 715 sumitur
1102 692 1191 715 cum
1220 679 1338 716 melle

160 751 277 787 supra
322 737 429 773 dicto
475 737 651 786 pondere
697 740 988 786 praecipueque
1034 737 1155 773 bilem
1200 737 1334 775 trahit.

162 809 294 833 rursus
328 798 474 832 sistunt
508 798 764 832 vomitionem
797 799 998 832 cuminum
1031 795 1223 839 silvestre,
1255 803 1336 834 vet-

164 858 319 891 tonicae
375 854 514 897 farina,
568 860 778 891 sumuntur
832 868 880 891 ex
936 868 1049 904 aqua.
1105 855 1337 905 abstergent

161 913 322 950 fastidia
351 913 650 963 cruditatesque
681 913 868 963 digerunt
898 913 1083 956 daucum,
1113 917 1337 951 vettonicae

161 972 287 1009 farina
326 986 374 1009 ex
415 986 518 1021 aqua
556 972 696 1015 mulsa,
735 972 926 1022 plantago
965 972 1129 1009 decocta
1167 972 1337 1010 caulium

158 1031 288 1068 modo.
343 1031 541 1081 singultus
595 1031 821 1067 hemionion
875 1031 1003 1074 sedat,
1051 1034 1148 1068 item
1202 1034 1338 1069 aristo-

158 1090 298 1134 lochia,
335 1093 501 1140 suspiria
538 1090 754 1140 clymenus.
808 1089 1024 1140 pleuriticis
1063 1096 1105 1127 et
1141 1090 1337 1140 peripleu—

158 1152 320 1186 monicis
355 1152 604 1186 centaurium
639 1151 778 1192 maius,
813 1151 910 1185 item
944 1148 1140 1199 hysopum
1174 1150 1336 1194 bibitur,

158 1209 373 1258 pleuriticis
395 1208 616 1257 peucedani
637 1221 763 1244 sucus.

208 1267 355 1303 XXVI.
386 1266 543 1303 Halus2
581 1273 730 1309 autem,
769 1280 887 1316 quam
927 1266 1031 1303 Galli
1068 1266 1145 1303 sil3
1182 1273 1337 1311 vocant,

158 1326 304 1363 Veneti
331 1332 542 1363 cotoneam
569 1325 755 1362 medetur
780 1325 909 1369 lateri,
936 1328 1034 1362 item
1061 1326 1221 1362 renibus
1248 1340 1338 1363 con-

158 1385 355 1434 volsisque
397 1390 439 1421 et
479 1387 618 1434 ruptis.
673 1383 810 1420 similis
852 1389 913 1420 est
953 1384 1109 1421 cunilae
1150 1384 1337 1429 bubulae,

158 1444 427 1481 cacuminibus
458 1443 613 1493 thymo,
644 1443 769 1480 dulcis
801 1448 843 1479 et
873 1445 979 1479 sitim
1010 1443 1167 1487 sedans,
1197 1443 1337 1480 radicis

158 1503 250 1539 alibi
271 1503 398 1546 albae,
419 1502 511 1539 alibi
531 1505 679 1552 nigrae.

209 1561 378 1598 XXVII.
407 1561 581 1598 Eosdem
601 1560 765 1597 effectus
784 1563 824 1597 in
842 1560 976 1597 lateris
996 1560 1195 1597 doloribus
1214 1560 1338 1598 habet

159 1620 417 1670 chamaerops
463 1622 628 1669 myrteis
674 1622 776 1656 circa
819 1619 950 1656 caules
995 1622 1175 1669 geminos
1220 1618 1337 1663 foliis,

158 1680 354 1729 capitibus
381 1678 601 1716 Graeculae
625 1691 751 1721 rosae,
771 1691 819 1714 ex
839 1680 929 1714 vino
946 1684 1053 1728 pota.
1108 1677 1336 1715 ischiadicos

159 1738 313 1775 dolores
340 1744 382 1775 et
407 1740 543 1787 spinae
569 1737 630 1774 lev
634 1743 675 1774 at
701 1739 902 1786 agaricum
926 1743 1067 1787 potum
1091 1742 1137 1773 ut
1160 1739 1201 1773 in
1225 1740 1337 1781 tussi,

213 1813 223 1831 ¹
248 1812 361 1853 sillybi
380 1811 542 1851 Illayhojfi
562 1811 618 1851 qui
636 1811 683 1842 sic
701 1810 896 1849 distinquit:
929 1810 1070 1851 sillybus
1089 1810 1261 1851 Detlefsen,
1280 1811 1337 1851 qui

168 1866 241 1886 cum
258 1855 500 1886 molemonium
518 1854 707 1892 coniuuqit:
740 1854 833 1884 varia
850 1853 938 1884 codd.

209 1898 354 1928 ²Halus
375 1897 549 1937 Detlefsen,
571 1897 683 1927 codd:
718 1896 791 1926 alus
811 1896 894 1927 coni.
918 1895 1079 1937 DIayhoff.

210 1942 222 1959 ³
245 1941 285 1972 sil
304 1940 489 1977 Schneider,
510 1939 618 1979 Silliq,
639 1939 823 1979 Detlefsen:
857 1940 903 1969 sic
922 1939 1011 1970 codd.

576 2043 590 2056 '¹
615 2039 671 2074 Or,
689 2038 709 2050 “
724 2038 812 2069 little
828 2036 954 2069 stalk.'‘

160 2107 229 2142 294
