1459 2288
131 496 169 526 12

133 815 170 845 13

134 1081 171 1110 14

394 174 590 212 PLINY:
635 175 898 212 NATURAL
933 173 1169 211 HISTORY

195 280 390 321 scabrum,
437 278 606 315 similem
654 280 790 321 arctio,
837 278 972 315 multis
1019 290 1236 313 concavum
1285 276 1371 319 alis,

195 346 332 369 semen
375 345 466 368 ervo
508 331 648 374 simile,
689 331 917 374 candidum,
959 333 1177 380 geminum,
1218 329 1371 366 radices

194 398 437 428 numerosas,
462 384 614 434 longas,
639 383 791 433 plenas,
816 384 969 428 molles,
994 383 1212 433 glutinosas
1237 388 1371 433 gustu.

195 442 320 475 siccae
354 441 585 488 nigrescunt
618 437 957 486 indurescuntque
991 443 1037 473 ut
1069 450 1216 473 cornua
1249 436 1373 472 videri

195 494 359 541 possint.
414 497 574 540 praeter
607 490 865 539 Aethiopiam
899 496 1115 526 nascuntur
1150 496 1192 527 et
1225 492 1266 525 in
1301 489 1375 525 Ida

195 551 332 581 monte
347 544 511 580 Troadis
528 550 570 580 et
584 546 625 579 in
643 543 857 580 Messenia.
912 543 1153 593 colliguntur
1169 548 1374 585 autumno,

196 601 392 634 siccantur
420 600 461 633 in
491 597 572 633 sole
603 596 755 646 aliquot
784 596 924 633 diebus
954 609 1004 633 ne
1034 599 1155 633 situm
1184 598 1373 632 sentiant.

196 651 412 687 medentur
454 650 576 686 volvis
620 656 740 699 potae
782 653 823 686 in
864 653 955 686 vino
997 649 1101 693 albo,
1143 648 1375 692 ischiadicis,

196 704 428 754 pleuriticiS‚
444 703 622 740 faucibus
638 704 782 739 scabris
798 703 987 739 decoctae
1003 705 1116 752 potui
1130 702 1289 746 dantur,
1304 701 1375 738 sed

197 771 299 807 quae
321 770 370 794 ex
390 756 606 806 Aethiopia
626 759 736 793 venit
755 759 899 792 eximie
920 762 1042 805 atque
1058 756 1163 792 illico
1182 755 1357 805 prodest.

250 809 316 846 IV.
346 811 554 859 Ageraton
592 809 793 846 ferulacea
832 816 907 853 est,
946 809 1115 846 duorum
1153 808 1375 858 palmorum

196 863 424 906 altitudine,
449 866 611 912 origano
635 863 783 906 similis,
808 862 902 899 flore
926 862 1043 899 bullis
1067 865 1207 898 aureis.
1260 861 1376 898 huius

197 923 311 953 ustae
327 917 440 953 nidor
454 920 609 952 urinam
624 919 703 952 ciet
718 916 931 965 volvasque
946 922 1106 965 purgat,
1121 921 1235 952 tanto
1250 917 1376 964 magis

196 970 472 1006 insidentibus.
524 983 642 1006 causa
654 972 822 1006 nominis
837 968 933 1019 [non
945 969 1057 1012 haec,
1071 968 1176 1019 sed]l
1190 971 1376 1018 quoniam

197 1023 419 1060 diutissime
438 1036 518 1059 non
536 1025 755 1059 marcescit.

247 1076 293 1112 V.
323 1076 423 1112 Aloe
466 1076 600 1112 scillae
643 1075 946 1112 similitudinem
988 1075 1126 1118 habet,
1167 1077 1292 1111 maior
1335 1080 1377 1111 et

198 1130 468 1179 pinguioribus
505 1128 621 1172 foliis,
659 1142 709 1165 ex
745 1129 906 1178 obliquo
942 1127 1256 1165 striata—caulis
1293 1130 1376 1164 eius

197 1189 313 1219 tener
345 1189 419 1226 est,
450 1183 597 1219 rubens
629 1182 798 1226 medius,
830 1195 909 1218 non
940 1182 1138 1218 dissimilis
1170 1180 1376 1224 antherici,

198 1236 329 1272 radice
368 1249 448 1272 una
485 1249 558 1272 ceu
597 1235 687 1285 palo
725 1238 766 1271 in
803 1241 952 1272 terram
990 1235 1162 1271 demissa
1177 1233 1376 1284 2-gravis

198 1289 332 1332 odore,
350 1295 471 1338 gustu
490 1302 635 1325 amara.
690 1288 964 1325 laudatissima
982 1301 1031 1324 ex
1051 1288 1166 1324 India
1184 1287 1377 1331 adfertur,

198 1343 269 1379 sed
294 1346 468 1379 nascitur
495 1349 537 1379 et
562 1345 603 1378 in
630 1342 739 1385 Asia,
765 1355 845 1378 non
871 1348 1009 1378 tamen
1036 1354 1084 1378 ea
1109 1347 1279 1378 utuntur
1303 1343 1376 1377 nisi

249 1437 260 1455 ¹
283 1447 352 1468 non
368 1436 450 1467 haec
465 1436 525 1467 sed
540 1435 576 1466 in
592 1436 688 1466 uncis
700 1439 832 1475 ponunt
846 1435 1041 1472 Pintianus,
1057 1434 1166 1475 Silliy,
1184 1433 1347 1475 M'ayhoff.

248 1480 260 1498 ²
283 1480 349 1510 Hic
364 1480 438 1520 ipsa
453 1479 529 1510 add.
547 1478 710 1519 illayhoff.

243 1626 258 1640 ⁰
281 1621 410 1653 “With
443 1632 627 1653 numerous
659 1620 803 1661 axillary
836 1619 1076 1652 eoneavities”
1112 1620 1276 1659 (Bostock
1308 1619 1377 1650 and

199 1665 323 1705 Riley)‚
361 1664 521 1695 “offrant
556 1665 597 1695 de
632 1664 823 1695 nombreux
856 1663 1046 1705 goussets”
1084 1663 1232 1703 (Littrfz).
1279 1662 1375 1693 Dios-

199 1708 326 1739 corides
342 1707 425 1738 has:
453 1706 572 1738 καυλὸν
587 1706 790 1747 τετράγωνον
815 1731 822 1738 .
848 1731 857 1738 ,
883 1731 890 1738 .
916 1705 1084 1747 μασχάλας
1105 1704 1236 1737 ἀνιέντα
1257 1704 1376 1738 πολλάς

214 1751 272 1782 IV.
324 1752 411 1782 104.

200 1755 207 1790 (
242 1793 254 1812 ⁶
277 1751 365 1833 ῥὲίζας
391 1755 399 1790 )
424 1817 431 1823 .
457 1817 464 1824 .
490 1792 619 1829 πολλάς,
651 1791 786 1832 μακράς,
820 1792 965 1833 παχείας,
996 1790 1163 1831 γευομένῳ
1201 1789 1376 1823 κολλώδεις

199 1836 451 1876 (Dioscorides).

244 1883 255 1898 ⁰
278 1879 419 1919 strictly
433 1878 493 1909 the
508 1878 642 1918 subject
657 1877 696 1908 of
707 1881 890 1908 nascuntur
904 1878 932 1908 is
946 1877 1083 1908 radices.

242 1920 256 1939 ἆ
278 1921 411 1952 Scabris
432 1922 460 1952 is
482 1921 598 1952 rather
620 1920 773 1951 difficult.
821 1920 971 1951 Bostock
993 1920 1062 1950 and
1085 1919 1183 1959 Riley
1206 1918 1373 1950 translate

201 1964 410 2005 “eruptions
437 1963 477 1994 of
499 1963 558 1995 the
586 1963 738 1999 throat,”
768 1963 836 1994 and
863 1963 972 1993 Littre
1000 1962 1061 1993 has
1090 1961 1262 2002 (vaguely)
1293 1961 1374 1992 “les

198 2017 302 2080 nffiux
322 2007 364 2062 (ἑο
383 2006 518 2048 gorge.”
565 2006 716 2047 Perhaps
735 2007 763 2037 it
781 2007 810 2037 is
829 2016 850 2036 a
868 2005 959 2037 loose
979 2009 1079 2042 term,
1098 2005 1165 2036 like
1185 2015 1246 2036 our
1268 2004 1286 2016 “
1300 2014 1375 2035 sore

197 2054 212 2081 t
256 2053 325 2081 oat.

200 2112 270 2158 396
