1459 2288
385 167 580 205 PLINY:
625 168 888 206 NATURAL
921 167 1157 206 HISTORY

186 284 339 321 parvas,
355 274 479 307 rarius
495 270 662 314 febrem,
678 271 926 307 stomachum
943 270 1156 321 faucesque
1171 274 1328 315 invasit,
1343 271 1358 294 1

185 338 362 361 ocissime
388 338 630 361 exanimans.

147 383 164 412 7
235 378 280 413 Υ.
311 378 495 414 Diximus
535 377 839 427 elephantiasim
879 387 973 414 ante
1014 376 1177 428 Pompei
1219 378 1359 428 Magni

185 437 363 468 aetatem
396 445 475 467 non
510 431 696 468 accidisse
729 434 770 467 in
806 431 935 474 Italia,
970 437 1011 468 et
1043 434 1170 480 ipsam
1203 445 1227 468 a
1259 431 1359 468 faeie

185 487 341 533 saepius
368 487 639 534 incipientem,
666 487 707 521 in
733 498 827 521 nare
855 488 983 534 prima
1008 485 1132 521 veluti
1158 485 1359 528 lenticula,

185 551 277 574 mox
302 540 551 574 inarescente
568 538 583 560 2
607 551 678 588 per
702 544 834 575 totum
859 551 997 587 corpus
1022 538 1222 574 maculosa
1245 541 1359 574 variis

185 591 380 627 coloribus
406 598 447 628 et
471 592 675 641 inaequali
700 597 806 635 cute,
832 591 926 628 alibi
950 604 1091 634 crassa,
1117 591 1211 628 alibi
1234 594 1360 635 tenui,

185 645 285 681 dura
319 644 413 681 alibi
447 658 519 681 ceu
553 645 684 681 scabie
719 658 871 694 aspera,
906 645 956 681 ad
990 650 1235 694 postremum
1268 658 1360 681 vero

186 701 436 748 nigrescente
464 705 505 735 et
531 699 581 735 ad
607 712 693 735 ossa
719 711 854 735 carnes
881 698 1145 747 adprimente,
1169 701 1360 735 intumes-

148 752 366 788 scentibus
403 752 538 802 digitis
574 755 614 788 in
649 752 818 801 pedibus
854 752 1127 800 manibusque.
1182 752 1359 801 Aegypti

185 805 384 854 peculiare
418 805 491 841 hoc
526 805 675 842 malum
711 811 766 848 et,
800 819 889 841 cum
923 808 963 841 in
997 818 1111 854 reges
1144 805 1360 848 incidisset,

185 858 340 908 populis
372 858 554 902 funebre,
587 861 734 908 quippe
766 861 807 894 in
838 858 1004 895 balineis
1036 858 1134 895 solia
1164 864 1361 908 tempera-

186 912 333 948 bantur
351 912 525 949 humano
544 915 737 962 sanguine
758 912 808 948 ad
827 912 1065 948 medicinam
1085 925 1184 948 eam.
1240 918 1282 948 et
1299 911 1361 948 hic

187 965 349 1014 quidem
366 966 526 1002 morbus
545 966 728 1002 celeriter
744 968 785 1002 in
805 965 922 1002 Italia
938 968 1150 1002 restinctus
1169 971 1243 1009 est,
1261 968 1362 1002 sicut

186 1025 228 1055 et
270 1019 336 1055 ille
379 1032 499 1068 quem
541 1032 766 1069 gemursam
809 1019 1061 1068 appellavere
1102 1021 1217 1068 prisci
1258 1021 1361 1055 inter

186 1072 332 1122 digitos
354 1072 504 1122 pedum
525 1079 770 1116 nascentem,
793 1075 915 1109 etiam
936 1074 1095 1109 nomine
1117 1071 1360 1109 oblitterato.

147 1129 167 1160 9
238 1125 305 1162 VI.
337 1126 384 1162 Id
419 1129 548 1175 ipsum
584 1125 776 1169 mirabile,
813 1125 908 1162 alios
944 1125 1125 1162 desinere
1160 1128 1202 1162 in
1236 1126 1362 1169 nobis,

187 1179 283 1216 alios
313 1179 470 1223 durare,
501 1182 615 1216 sicuti
646 1179 788 1216 colum.
842 1179 899 1215 Ti.
932 1179 1109 1216 Caesaris
1139 1181 1362 1229 principatu

187 1235 352 1282 inrepsit
372 1233 412 1269 id
432 1233 595 1276 malum,
615 1246 688 1269 nec
709 1235 918 1282 quisquam
938 1233 979 1269 id
999 1235 1103 1282 prior
1122 1235 1361 1282 imperatore

187 1288 270 1335 ipso
299 1289 436 1330 sensit,
463 1300 609 1336 magna
638 1289 808 1323 civitatis
838 1287 1020 1336 ambage,
1046 1299 1136 1322 cum
1164 1288 1205 1322 in
1231 1286 1362 1323 edicto

187 1342 271 1376 eius
305 1342 530 1376 excusantis
562 1340 835 1377 valetudinem
868 1340 1021 1389 legeret
1053 1352 1199 1376 nomen
1230 1342 1363 1389 incog-

238 1442 250 1461 1
275 1442 456 1482 faucesque
480 1443 608 1473 invasit
632 1442 718 1473 VR:
750 1443 935 1483 paucisque
960 1442 989 1472 E
1009 1452 1046 1473 r:
1078 1441 1260 1482 faucesque
1286 1452 1362 1473 cum

191 1485 318 1516 invasit
342 1486 410 1524 d(‘?)
437 1485 532 1525 vulq„
557 1485 743 1525 Detlef-sen:
780 1485 962 1525 faucesque
986 1488 1024 1515 ut
1047 1485 1175 1515 invasit
1198 1485 1361 1525 Mayhoff‚

191 1528 248 1567 qui
271 1528 361 1559 VIII
380 1530 452 1564 158,
470 1528 525 1559 IX
544 1530 617 1564 122,
636 1530 708 1564 152,
729 1529 800 1564 153,
822 1528 889 1558 XV
909 1529 960 1564 85,
979 1527 1111 1558 XVIII
1130 1529 1202 1564 115,
1220 1527 1291 1558 XX
1307 1529 1358 1565 38,

191 1571 298 1602 XXX
317 1573 370 1607 63,
390 1571 518 1602 XXXI
539 1572 611 1607 109,
631 1571 803 1602 XXXIII
822 1572 874 1607 29,
894 1570 1056 1601 XXXVI
1076 1572 1137 1602 127
1155 1570 1285 1610 confert.

194 1615 247 1687 ΛΙΖ
271 1614 480 1697 ilrzlzffsoenoe
520 1613 684 1654 Deilessen
721 1624 795 1645 cum
832 1613 944 1645 codd.:
999 1614 1205 1644 increscente
1242 1613 1360 1650 Ianws,

220 1667 280 1696 ‘ay
300 1667 320 1687 ο
351 1681 357 1688 .

231 1824 311 1855 ⁴’In
325 1825 413 1865 spite
427 1824 465 1855 of
473 1824 533 1855 the
543 1824 682 1865 vulgate
695 1835 770 1855 cum
783 1823 897 1855 before
910 1823 1043 1860 invasit,
1055 1824 1123 1854 and
1133 1823 1172 1854 of
1181 1823 1347 1864 Mayhoff’
1349 1835 1365 1855 s

186 1862 389 1898 formidable
410 1867 468 1898 list
490 1867 529 1898 of
541 1867 681 1908 parallel
698 1877 857 1908 passages
873 1868 908 1897 in
924 1870 1066 1907 support
1083 1867 1122 1897 of
1134 1870 1180 1903 ut,
1197 1867 1307 1898 which
1323 1867 1365 1898 he

186 1910 391 1941 substitutes
419 1910 472 1941 for
500 1921 585 1946 cum,
609 1910 626 1941 I
655 1921 711 1941 am
739 1910 886 1941 inclined
913 1912 950 1940 to
980 1909 1109 1940 believe
1136 1910 1216 1940 that
1243 1920 1264 1940 a
1291 1920 1365 1941 new

185 1957 344 1984 sentence
361 1953 477 1994 begins
494 1953 582 1984 after
594 1953 716 1992 aufert·
709 1977 716 1989 ,
746 1954 781 1984 in
795 1953 893 1983 other
905 1953 1014 1983 words
1030 1952 1109 1983 that
1124 1955 1193 1983 two
1209 1952 1314 1983 forms
1330 1952 1369 1984 of

185 1996 245 2027 the
262 1996 391 2027 disease
409 2006 464 2027 are
482 1996 690 2032 mentioned,
702 2005 765 2026 one
777 1996 887 2026 which
903 1995 979 2026 kills
992 1995 1038 2035 by
1050 1995 1238 2036 producing
1256 2006 1363 2031 coma,

185 2039 245 2069 the
266 2039 364 2069 other
384 2040 418 2070 in
438 2039 547 2070 which
569 2039 674 2070 death
696 2039 723 2070 is
744 2038 811 2069 due
831 2042 868 2069 to
891 2038 1094 2069 suffocation
1117 2038 1185 2069 and
1207 2038 1363 2079 choking.

191 2111 260 2144 270
