1459 2288
88 709 146 739 133

87 1135 146 1166 134

374 173 569 211 PLINY:
615 175 878 212 NATURAL
911 176 1148 213 HISTORY

175 280 341 320 aizoum,
388 276 575 327 astragali
621 277 744 314 radix.
800 280 905 314 sistit
951 284 993 315 et
1038 278 1264 315 ischaemon
1311 285 1353 316 et

174 330 340 367 achillia.

225 383 454 420 LXXXIII.
484 384 746 433 Equisaetum
779 384 955 434 hippuris
985 384 1145 421 Graecis
1174 385 1282 422 dicta
1311 392 1353 422 et

174 440 214 473 in
245 439 368 486 pratis
400 440 628 486 vituperata
659 438 887 474 nobis—est
919 444 1055 474 autem
1087 438 1189 487 pilus
1221 444 1351 475 terrae

174 493 344 540 equinae
383 497 519 527 saetae
559 491 870 527 similis—lienes
910 505 1112 528 cursorum
1152 494 1353 541 extinguit

174 544 340 580 decocta
361 543 471 580 fictili
491 557 593 580 novo
614 544 663 580 ad
688 547 827 581 tertias
850 551 1045 594 quantum
1066 558 1133 581 vas
1155 548 1287 594 capiat
1311 552 1353 582 et

174 610 245 646 per
263 597 439 633 triduum
458 597 626 633 heminis
646 603 753 646 pota.
808 600 936 634 unctis
957 598 1169 634 esculentis
1189 611 1238 634 ex
1259 605 1352 635 ante

174 651 281 686 diem
297 664 420 687 unum
436 651 698 687 interdicitur.
754 651 997 687 Graecorum
1013 654 1120 688 varia
1135 654 1237 688 circa
1251 651 1353 688 hanc

174 706 327 753 opinio:
367 704 432 740 alii
457 707 572 753 pinus
598 703 700 740 foliis
726 704 892 740 similem
919 707 1184 754 nigricantem
1211 705 1353 742 eodem

174 759 333 793 nomine
362 757 581 806 appellant,
610 760 688 793 vim
717 760 800 794 eius
829 758 1103 794 admirabilem
1131 758 1352 802 tradentes,

175 813 375 860 sanguinis
397 810 588 859 profluvia
609 811 671 847 vel
692 817 801 848 tacto
823 817 982 848 tantum
1005 824 1053 848 ea
1073 811 1232 848 homine
1255 814 1352 856 sisti,

175 864 239 900 alii
273 864 471 913 hippurin,
507 864 570 900 alii
606 864 823 913 ephedron,
858 864 923 901 alii
958 865 1161 901 anabasim
1196 871 1352 908 vocant,

174 917 420 966 traduntque
450 920 564 954 iuxta
594 919 753 954 arbores
784 921 889 954 nasci
922 924 964 954 et
993 918 1254 955 scandentem
1286 932 1352 955 eas

173 971 403 1019 dependere
423 973 542 1007 comis
562 973 710 1007 iunceis
730 971 865 1008 multis
884 974 1005 1021 nigris
1025 978 1070 1008 ut
1090 984 1139 1008 ex
1160 985 1352 1021 equorum

174 1024 313 1068 cauda,
329 1024 565 1074 geniculatis
581 1024 755 1068 ramulis,
771 1023 866 1061 folia
881 1024 1029 1061 habere
1045 1038 1184 1074 pauca,
1201 1028 1352 1069 tenuia,

175 1080 333 1127 exigua,
369 1091 505 1114 semen
540 1078 770 1121 rotundum,
805 1078 931 1114 simile
967 1078 1185 1122 coriandro,
1220 1079 1352 1115 radice

174 1131 338 1181 lignosa,
362 1134 467 1167 nasci
489 1134 529 1167 in
552 1132 723 1168 arbustis
744 1134 930 1168 maxime.
985 1134 1041 1168 vis
1072 1134 1155 1168 eius
1184 1134 1352 1181 spissare

173 1198 347 1234 corpora.
402 1198 517 1221 sucus
551 1187 785 1234 sanguinem
821 1198 842 1221 e
875 1186 1035 1221 naribus
1068 1184 1262 1222 fluentem
1294 1188 1352 1222 in-

173 1238 302 1274 clusus
335 1240 452 1281 sistit,
485 1241 583 1275 item
615 1238 758 1274 alvum.
813 1238 1000 1275 medetur
1030 1238 1279 1288 dysintericis
1311 1241 1352 1275 in

174 1294 264 1328 vino
287 1291 391 1327 dulci
416 1297 534 1340 potus
559 1291 712 1341 cyathis
737 1292 877 1335 tribus,
902 1294 1056 1328 urinam
1080 1295 1173 1335 ciet,
1197 1295 1351 1336 tussim,

173 1344 460 1394 orthopnoeam
498 1351 626 1388 sanat,
663 1348 761 1382 item
798 1351 917 1394 rupta
953 1351 996 1382 et
1032 1358 1134 1395 quae
1172 1351 1348 1395 serpunt.

173 1401 371 1435 intestinis
419 1404 461 1435 et
506 1401 659 1435 vesicae
706 1397 800 1435 folia
844 1399 1050 1442 bibuntur,
1097 1399 1351 1436 enterocelen

173 1451 345 1488 cohibet.
400 1450 552 1488 faciunt
583 1458 625 1488 et
656 1451 773 1488 aliam
804 1451 1003 1501 hippurim
1034 1453 1277 1489 brevioribus
1310 1459 1352 1489 et

173 1504 414 1541 mollioribus
439 1508 559 1542 comis
583 1505 969 1555 candidioribusque,
994 1518 1186 1555 perquam
1210 1505 1351 1542 utilem

173 1558 391 1595 ischiadicis
416 1564 458 1595 et
484 1558 710 1596 vulneribus
735 1572 783 1595 ex
809 1565 923 1596 aceto
948 1561 1162 1609 inpositam
1187 1565 1351 1609 propter

214 1667 229 1682 ⁶
251 1663 313 1695 See
329 1663 452 1694 XVIII
469 1665 482 1702 ἓ
500 1665 573 1696 259.

214 1706 227 1725 ¹²
249 1706 402 1746 Perhaps
420 1707 439 1718 “
452 1706 565 1737 thiu-'⁵

217 1753 228 1767 ⁶
251 1750 311 1781 See
338 1749 452 1781 Celsus
470 1749 505 1780 II
522 1750 544 1786 i,
563 1750 610 1786 10,
626 1749 736 1789 aquilo
752 1760 872 1780 sanum
887 1760 1005 1790 corpus
1020 1750 1152 1790 spissat.
1185 1749 1234 1781 Cf.
1249 1760 1282 1790 p.
1295 1751 1349 1788 40,

170 1795 260 1824 note.
308 1791 481 1823 Professor
497 1791 660 1823 Andrews
676 1792 826 1832 prefers:
857 1792 876 1804 ‘⁶
889 1796 926 1823 to
947 1791 1047 1823 make
1071 1792 1131 1823 the
1150 1791 1234 1823 flesh
1256 1802 1349 1823 more

170 1834 362 1909 ⁰⁰5¹²¹1³2³ess¹132
385 1888 399 1909 s
410 1834 723 1909 3532ssssssssssss
737 1835 756 1847 “
765 1834 1050 1909 &satiati
1062 1835 1358 1910 Geissssfflffiage'*

213 1925 225 1938 ⁶
247 1920 288 1951 In
309 1888 383 1952 this3
398 1931 538 1961 passage
562 1889 599 1951 agt
619 1920 705 1952 least
724 1889 747 1951 ζ
766 1890 963 1952 distinction
985 1902 1092 1952 seems
1112 1924 1149 1952 to
1170 1920 1211 1952 be
1232 1902 1346 1952 drawn

171 1962 321 1994 between
336 1963 455 1994 vulnus
467 1963 534 1994 and
545 1963 656 2003 playa,
669 1963 727 1994 the
741 1964 865 1994 former
878 1963 977 2004 being
989 1975 1009 1994 a
1023 1969 1079 1994 cut
1093 1974 1130 1994 or
1142 1963 1266 2000 thrust,
1279 1964 1346 1994 and

169 2006 228 2037 the
245 2006 347 2037 latter
362 2017 382 2036 a
399 2006 485 2037 blow
500 2006 579 2037 that
595 2006 715 2037 breaks
731 2006 789 2037 the
805 2006 898 2037 flesh.
947 2006 1015 2037 But
1032 2006 1089 2037 the
1106 2006 1303 2038 distinction
1319 2008 1346 2037 is

168 2052 230 2080 not
244 2049 370 2089 always
383 2049 517 2090 strictly
532 2048 706 2081 observed.

171 2109 241 2158 364
