1459 2288
158 233 214 263 151

158 784 216 816 152

159 1153 217 1183 153

157 1584 215 1613 154

445 125 640 162 PLINY:
686 126 949 163 NATURAL
983 125 1219 163 HISTORY

294 228 412 264 XCV.
443 228 583 264 Cicuta
645 241 804 277 quoque
867 241 1065 264 venenum
1127 233 1202 271 est,
1264 227 1424 277 publica

246 289 556 326 Atheniensium
573 302 703 338 poena
718 292 856 332 invisa,
874 289 924 325 ad
940 289 1068 325 multa
1083 295 1221 325 tamen
1238 302 1329 328 usus
1346 302 1424 325 non

245 350 471 387 omittendi.
527 363 664 386 semen
692 350 817 386 habet
850 353 1027 394 noxium,
1056 350 1177 386 caulis
1212 356 1349 386 autem
1383 356 1425 386 et

244 412 377 448 viridis
409 417 518 448 estur
545 424 567 447 a
593 411 794 461 plerisque
822 417 863 448 et
888 414 929 447 in
955 414 1113 461 patinis.
1171 411 1266 448 levis
1292 411 1356 447 hic
1383 417 1425 448 et

243 473 494 523 geniculatus
525 478 570 509 ut
600 473 755 516 calami,
786 475 996 522 nigricans,
1027 473 1143 509 altior
1172 485 1293 522 saepe
1322 473 1424 509 binis

244 535 401 578 cubitis,
450 537 491 570 in
537 535 806 571 cacuminibus
853 547 1044 577 ramosus,
1091 533 1186 570 folia
1231 533 1424 571 coriandri

244 598 457 639 teneriora,
475 598 584 645 gravi
603 595 802 639 odoratu,1
821 608 958 632 semen
977 609 1096 632 aneso
1115 598 1294 639 crassius,
1311 595 1424 631 radix

243 670 429 701 concava,
450 657 596 693 nullius
619 670 722 693 usus.
779 659 919 693 semini
942 663 984 693 et
1005 656 1108 693 foliis
1129 655 1425 706 refrigeratoria

245 721 314 761 vis,
334 721 388 755 sic
409 724 450 755 et
470 724 600 755 necat.
655 721 851 768 incipiunt
872 718 1006 768 algere
1028 719 1077 754 ab
1098 719 1424 755 extremitatibus

243 782 426 829 corporis.
482 780 660 816 remedio
697 785 772 823 est,
809 782 1040 829 priusquam
1077 779 1127 816 ad
1163 779 1302 816 vitalia
1337 792 1425 828 per-

245 844 393 884 veniat,
420 844 499 877 vini
526 847 670 878 natura
698 840 992 877 excalfactoria.
1048 841 1119 877 sed
1145 843 1185 876 in
1212 843 1302 877 vino
1329 846 1426 890 pota

244 902 554 939 inremediabilis
583 905 731 939 existit.
787 915 902 939 sucus
931 905 1167 952 exprimitur
1193 901 1296 938 foliis
1323 901 1425 938 flori-

243 965 411 1013 busque,
430 970 518 1000 tum
537 967 642 1000 enim
660 967 835 1000 maxime
854 967 1118 1013 tempestivus
1138 963 1231 1000 est.2
1283 963 1424 1000 melior

243 1028 394 1062 semine
420 1028 516 1062 trito
542 1038 751 1074 expressus
777 1031 820 1062 et
843 1025 925 1062 sole
950 1025 1141 1062 densatus
1165 1027 1206 1061 in
1230 1024 1422 1074 pastillos.

245 1093 363 1123 necat
383 1089 620 1137 sanguinem
640 1086 997 1136 spissando—haec
1017 1086 1144 1123 altera
1163 1088 1316 1122 vis—et
1334 1086 1425 1122 ideo

243 1151 297 1184 sic
323 1154 557 1185 necatorum
582 1147 763 1184 maculae
788 1150 828 1184 in
854 1149 1082 1197 corporibus
1109 1153 1316 1197 apparent.
1374 1147 1425 1184 ad

244 1209 496 1246 dissolvenda
542 1209 838 1246 medicamenta
881 1215 1051 1246 utuntur
1089 1209 1157 1246 illo
1203 1222 1273 1258 pro
1307 1222 1422 1258 aqua.

247 1270 292 1307 fit
319 1284 369 1307 ex
396 1284 443 1307 eo
470 1277 512 1307 et
533 1271 583 1307 ad
602 1270 921 1321 refrigerandum
942 1270 1192 1308 stomachum
1212 1270 1423 1320 malagma.

243 1335 480 1382 praecipuus
528 1338 666 1369 tamen
715 1338 776 1369 est
824 1332 874 1368 ad
922 1332 1164 1369 cohibendas
1213 1331 1423 1381 epiphoras

243 1397 414 1430 aestivas
437 1394 722 1443 oculorumque
744 1393 901 1430 dolores
929 1393 1125 1430 sedandos
1148 1393 1423 1430 circumlitus.3

242 1458 432 1492 miscetur
453 1455 637 1505 collyriis,
661 1461 702 1492 et
724 1455 820 1492 alias
837 1455 853 1478 4
874 1468 1011 1492 omnes
1033 1455 1340 1492 rheumatismos
1362 1468 1424 1491 co-

242 1516 367 1554 hibet.
423 1516 518 1553 folia
549 1529 708 1566 quoque
740 1523 941 1554 tumorem
972 1529 1132 1553 omnem
1163 1516 1423 1565 doloremque

243 1584 284 1615 et
305 1578 514 1627 epiphoras
535 1578 689 1615 sedant.
747 1578 966 1615 Anaxilaus
987 1584 1125 1615 auctor
1145 1584 1206 1614 est
1226 1590 1419 1614 mammas

243 1653 266 1676 a
292 1642 521 1690 virginitate
548 1639 681 1676 inlitas
709 1652 866 1689 semper
892 1645 1078 1676 staturas.
1135 1639 1241 1688 quod
1267 1644 1423 1675 certum

300 1729 311 1776 ff
334 1729 430 1777 gravi
450 1728 595 1775 odoratu
612 1727 760 1767 plerique
780 1727 881 1765 codd„
902 1727 1088 1768 Detlefsen:
1121 1728 1239 1768 gravia
1259 1726 1422 1767 Mayhoff,

254 1782 308 1810 qul
325 1781 480 1811 graVlOI‘a
497 1781 580 1801 COTM.

297 1814 308 1832 ²
332 1814 383 1844 Ab
402 1818 454 1844 est
471 1824 571 1853 usque
591 1812 634 1844 ad
651 1813 727 1844 ideo
746 1813 793 1844 sic
811 1813 985 1853 distinquit
1003 1812 1167 1853 JIayhoff,
1189 1813 1244 1852 qui
1263 1813 1315 1843 vis
1333 1813 1363 1843 ei
1381 1831 1424 1835 —

252 1867 312 1896 pro
329 1857 380 1886 vis
397 1860 475 1887 —et
491 1856 612 1887 scribit.

297 1899 309 1917 ³
335 1899 543 1930 circumlitus
563 1899 591 1929 E
613 1899 717 1939 vulg„
739 1898 915 1939 Maylzoff:
951 1898 1142 1930 circumlitu
1162 1898 1281 1935 lanus,
1303 1897 1421 1938 Detlef-

252 1952 309 1971 sen
325 1954 331 1972 :
366 1941 593 1972 circumlitum
612 1941 710 1972 multi
730 1941 819 1972 codd.

297 1986 310 2004 ⁴
334 1984 417 2015 alias
433 1984 541 2024 Silliy,
560 1983 733 2024 Detlefsen,
752 1984 927 2024 Mayhoff:
957 1984 1041 2015 alios
1057 1983 1146 2015 codd.

242 2056 313 2091 244
