1459 2288
344 143 538 180 PLINY:
585 142 847 180 NATURAL
882 142 1117 180 HISTORY

47 251 108 281 102
196 246 301 283 LXI.
331 246 468 282 Herba
503 244 649 281 Sabina
683 244 829 294 brathy
865 244 1067 293 appellata
1100 257 1123 280 a
1158 244 1318 281 Graecis

146 299 313 344 ¹duorum
346 311 539 348 generum
574 304 648 341 est,
681 297 807 334 altera
839 300 1018 334 tamarici
1049 297 1142 334 folio
1174 298 1321 341 similis,

145 353 271 390 altera
291 354 477 401 cupressi.
533 364 656 400 quare
677 351 839 399 quidam
866 351 1063 387 Creticam
1089 363 1319 399 cupressum

143 406 344 443 dixerunt.
401 418 422 441 a
440 404 576 441 multis
595 407 635 440 in
654 404 807 440 suffitus
826 417 897 453 pro
916 409 1006 440 ture
1027 404 1262 447 adsumitur,
1281 406 1320 440 in

143 459 445 496 medicamentis
473 471 563 494 vero
590 457 791 506 duplicato
816 457 993 506 pondere
1020 457 1180 494 eosdem
1208 456 1321 493 effec-

146 518 210 548 tus
247 512 395 548 habere
433 524 531 560 quos
568 513 795 547 cinnamum
832 511 1015 547 traditur.
1070 510 1321 547 collectiones

142 568 286 601 minuit
329 570 371 601 et
408 578 545 601 nomas
584 566 798 613 conpescit,
837 564 950 600 inlita
987 563 1120 600 ulcera
1161 570 1321 613 purgat,

143 624 280 668 partus
313 623 514 654 emortuos
547 617 728 666 adposita
761 616 936 653 extrahit
969 622 1011 653 et
1041 617 1183 653 suffita.
1237 617 1321 653 inli-

144 674 251 708 nitur
290 673 370 721 igni
411 684 519 707 sacro
560 676 601 707 et
637 670 883 706 carbunculis
919 683 1008 706 cum
1046 669 1215 712 melle-13
1270 683 1318 706 ex

144 728 232 761 vino
261 730 357 773 pota
386 727 494 774 regio
524 724 661 760 morbo
690 724 888 760 medetur.
943 722 1139 773 gallinacii
1162 726 1320 773 generis

144 780 308 827 pituitas
330 777 439 814 fumo
463 780 545 813 eius
566 777 715 813 herbae
737 779 865 813 sanari
887 777 1064 813 tradunt.

52 836 111 867 103
192 830 321 867 LXII.
351 830 493 867 Similis
535 829 685 866 herbae
728 829 819 866 huic
862 829 1032 866 Sabinae
1077 835 1138 866 est
1181 829 1316 879 selago

145 884 357 933 appellata.
412 883 559 933 legitur
606 886 690 920 sine
738 882 842 919 ferro
890 883 1033 920 dextra
1079 896 1201 919 manu
1248 895 1321 932 per

143 939 318 973 tunicam
360 937 469 985 qua2
509 939 665 973 sinistra
706 935 896 972 exuitur3
935 936 1046 972 velut
1086 949 1108 972 a
1148 935 1321 979 furante,

143 990 311 1027 candida
338 996 450 1026 veste
478 992 622 1026 vestito
649 1003 828 1039 pureque
856 989 972 1026 lautis
999 989 1113 1025 nudis
1139 989 1321 1039 pedibus,

142 1057 252 1080 sacro
271 1043 377 1079 facto
395 1046 502 1092 prius
521 1056 640 1092 quam
658 1043 817 1093 legatur
834 1056 938 1092 pane
956 1045 1139 1091 vinoque.
1194 1041 1322 1079 fertur

142 1099 182 1132 in
225 1110 371 1145 mappa
414 1109 526 1132 nova.
580 1096 682 1132 hanc
724 1102 861 1132 contra
903 1098 1119 1145 perniciem
1161 1108 1320 1132 omnem

141 1149 369 1186 habendam
405 1149 615 1198 prodidere
652 1149 830 1186 Druidae
867 1149 1071 1185 Gallorum
1108 1154 1149 1185 et
1183 1155 1322 1186 contra

143 1206 275 1239 onmia
295 1202 496 1239 oculorum
517 1205 612 1239 vitia
631 1201 784 1238 fumum
806 1205 888 1238 eius
909 1202 1108 1251 prodesse.

54 1261 112 1292 104
191 1256 341 1292 LXIII.
373 1256 485 1292 Idem
519 1255 712 1292 samolum
746 1255 911 1292 herbam
949 1258 1203 1292 nominavere
1234 1269 1320 1292 nas-

143 1315 301 1345 centem
320 1312 359 1345 in
377 1309 533 1352 umidis,
552 1315 594 1345 et
610 1308 711 1345 hanc
729 1311 886 1345 sinistra
903 1322 1023 1345 manu
1041 1309 1120 1358 legi
1139 1322 1161 1345 a
1178 1311 1320 1345 ieiunis

192 1411 204 1429 1
228 1410 281 1441 Ita
295 1410 369 1441 dist.
388 1410 459 1441 Vol.
474 1410 557 1441 Rose
570 1415 599 1441 et
611 1410 785 1450 Mayhoff:
813 1421 854 1441 ex
868 1410 956 1442 codd.
970 1422 976 1441 :
1004 1410 1230 1447 carbunculis,
1243 1421 1319 1441 cum

147 1453 245 1483 melle
263 1456 297 1484 et
315 1454 396 1483 vino
413 1453 509 1493 rulq„
527 1454 701 1495 Detlefsen.

189 1495 203 1545 ²-
225 1506 292 1536 qua
320 1497 466 1536 plerique
494 1497 595 1532 codd„
622 1496 802 1538 Detlefscn:
835 1500 954 1537 operta
982 1496 1137 1537 Illayhoff
1145 1508 1150 1527 :
1180 1497 1319 1537 sortasse

148 1543 360 1612 qu31egsshitur
378 1582 480 1618 codd„
497 1580 661 1623 Dellefsen
677 1593 683 1612 :
710 1582 839 1612 eruitur
853 1581 950 1622 vulq„
968 1581 1124 1622 BIayhoff
1135 1594 1142 1612 ι
1170 1582 1319 1612 exeritur

146 1624 183 1655 0.
201 1625 240 1655 F.
263 1625 309 1656 W.
325 1623 460 1661 Μϋῐῑεν,
469 1624 609 1664 fortasse
626 1629 714 1655 recte.

180 1797 193 1810 ‘²
218 1792 233 1822 I
252 1793 295 1823 do
319 1798 380 1823 not
405 1793 504 1823 think
521 1793 599 1824 that
617 1793 712 1824 there
728 1794 757 1824 is
775 1804 842 1834 any
860 1793 946 1824 need
963 1798 1000 1824 to
1017 1794 1140 1834 depart
1156 1794 1244 1824 from
1260 1794 1319 1824 the

135 1836 240 1872 MSS„
254 1839 386 1876 except,
402 1836 560 1876 perhaps,
573 1840 610 1866 to
623 1836 711 1867 alter
723 1836 853 1867 exuitur
865 1841 902 1867 to
915 1837 1055 1867 exeritur
1067 1837 1149 1867 with
1163 1837 1198 1868 C.
1213 1837 1250 1868 F.
1265 1837 1316 1868 W.

134 1878 262 1909 Muller.
310 1879 380 1909 The
409 1889 530 1909 reason
559 1879 611 1909 for
639 1879 697 1910 the
726 1879 895 1920 proposed
923 1879 1069 1920 changes
1097 1881 1125 1910 is
1153 1883 1190 1910 to
1218 1879 1317 1910 make

133 1921 268 1952 sinistra
291 1921 454 1957 ablative,
477 1932 570 1952 some
594 1921 651 1952 old
673 1921 821 1953 editions
844 1922 913 1952 and
935 1922 994 1953 the
1017 1922 1085 1954 MS.
1111 1922 1145 1953 X
1166 1922 1318 1962 actually

134 1964 261 2004 adding
278 1974 390 1995 mann.
439 1964 473 1995 It
489 1966 516 1995 is
533 1968 609 1995 true
625 1964 704 1995 that
720 1964 779 1996 the
796 1965 857 1995 left
874 1965 967 1996 hand
983 1966 1011 1995 is
1028 1965 1164 2006 usually
1180 1965 1239 1996 the
1256 1975 1318 1996 one

134 2007 215 2037 used
228 2008 263 2038 in
275 2007 345 2038 this
357 2007 442 2038 kind
454 2007 493 2038 of
504 2008 613 2048 magio
628 2007 740 2047 (XXI.
755 2009 769 2048 §
786 2009 857 2045 176,
870 2007 1020 2039 XXVII.
1036 2009 1068 2048 ἓξ
1084 2009 1136 2045 36,
1155 2009 1243 2049 117),
1256 2007 1318 2039 but

142 2078 185 2113 74
