<?xml version="1.0" encoding="UTF-8"?>
<!DOCTYPE html PUBLIC "-//W3C//DTD XHTML 1.0 Transitional//EN"
    "http://www.w3.org/TR/xhtml1/DTD/xhtml1-transitional.dtd">
<html xmlns="http://www.w3.org/1999/xhtml" xml:lang="en" lang="en">
 <head>
  <title>
</title>
<meta http-equiv="Content-Type" content="text/html;charset=utf-8" />
  <meta name='ocr-system' content='tesseract 3.04.00' />
  <meta name='ocr-capabilities' content='ocr_page ocr_carea ocr_par ocr_line ocrx_word'/>
</head>
<body>
  <div class='ocr_page' id='page_1' title='image "./naturalhistory07plinuoft_0056.png"; bbox 0 0 1459 2288; ppageno 0'>
   <div class='ocr_carea' id='block_1_1' title="bbox 58 293 98 322">
    <p class='ocr_par' dir='ltr' id='par_1_1' title="bbox 58 293 98 322">
     <span class='ocr_line' id='line_1_1' title="bbox 58 293 98 322; baseline 0.025 -1"><span class='ocrx_word' id='word_1_1' title='bbox 58 293 98 322; x_wconf 90' lang='lat'>43</span> 
     </span>
    </p>
   </div>
   <div class='ocr_carea' id='block_1_2' title="bbox 59 966 99 993">
    <p class='ocr_par' dir='ltr' id='par_1_2' title="bbox 59 966 99 993">
     <span class='ocr_line' id='line_1_2' title="bbox 59 966 99 993; baseline 0 0"><span class='ocrx_word' id='word_1_2' title='bbox 59 966 99 993; x_wconf 79' lang='lat'>44</span> 
     </span>
    </p>
   </div>
   <div class='ocr_carea' id='block_1_3' title="bbox 61 1334 100 1362">
    <p class='ocr_par' dir='ltr' id='par_1_3' title="bbox 61 1334 100 1362">
     <span class='ocr_line' id='line_1_3' title="bbox 61 1334 100 1362; baseline 0.026 -1"><span class='ocrx_word' id='word_1_3' title='bbox 61 1334 100 1362; x_wconf 79' lang='lat'>45</span> 
     </span>
    </p>
   </div>
   <div class='ocr_carea' id='block_1_4' title="bbox 330 120 1098 159">
    <p class='ocr_par' dir='ltr' id='par_1_4' title="bbox 330 120 1098 159">
     <span class='ocr_line' id='line_1_4' title="bbox 330 120 1098 159; baseline -0.004 0"><span class='ocrx_word' id='word_1_4' title='bbox 330 122 522 159; x_wconf 87' lang='lat' dir='ltr'>PLINY:</span> <span class='ocrx_word' id='word_1_5' title='bbox 569 121 830 158; x_wconf 86' lang='lat' dir='ltr'><strong>NATURAL</strong></span> <span class='ocrx_word' id='word_1_6' title='bbox 864 120 1098 157; x_wconf 89' lang='lat' dir='ltr'>HISTORY</span> 
     </span>
    </p>
   </div>
   <div class='ocr_carea' id='block_1_5' title="bbox 125 221 1306 1744">
    <p class='ocr_par' dir='ltr' id='par_1_5' title="bbox 125 221 1302 946">
     <span class='ocr_line' id='line_1_5' title="bbox 125 221 1300 274; baseline -0.004 -13"><span class='ocrx_word' id='word_1_7' title='bbox 125 225 230 274; x_wconf 91' lang='lat' dir='ltr'>quod</span> <span class='ocrx_word' id='word_1_8' title='bbox 274 230 316 260; x_wconf 83' lang='lat' dir='ltr'>et</span> <span class='ocrx_word' id='word_1_9' title='bbox 358 226 497 273; x_wconf 85' lang='lat' dir='ltr'>capitis</span> <span class='ocrx_word' id='word_1_10' title='bbox 541 223 739 259; x_wconf 87' lang='lat' dir='ltr'>doloribus</span> <span class='ocrx_word' id='word_1_11' title='bbox 782 236 871 258; x_wconf 86' lang='lat' dir='ltr'>cum</span> <span class='ocrx_word' id='word_1_12' title='bbox 916 222 1079 271; x_wconf 75' lang='lat' dir='ltr'>polenta</span> <span class='ocrx_word' id='word_1_13' title='bbox 1124 221 1300 257; x_wconf 82' lang='lat' dir='ltr'>illinitur.</span> 
     </span>
     <span class='ocr_line' id='line_1_6' title="bbox 126 283 1300 323; baseline -0.003 -1"><span class='ocrx_word' id='word_1_14' title='bbox 126 286 218 323; x_wconf 86' lang='lat' dir='ltr'>folia</span> <span class='ocrx_word' id='word_1_15' title='bbox 266 292 406 322; x_wconf 88' lang='lat' dir='ltr'>tenera</span> <span class='ocrx_word' id='word_1_16' title='bbox 449 285 570 321; x_wconf 89' lang='lat' dir='ltr'>oculis</span> <span class='ocrx_word' id='word_1_17' title='bbox 615 283 869 320; x_wconf 87' lang='lat' dir='ltr'>inflammatis</span> <span class='ocrx_word' id='word_1_18' title='bbox 914 283 1130 319; x_wconf 88' lang='lat' dir='ltr'>illinuntur.</span> <span class='ocrx_word' id='word_1_19' title='bbox 1201 296 1300 318; x_wconf 89' lang='lat' dir='ltr'>mas-</span> 
     </span>
     <span class='ocr_line' id='line_1_7' title="bbox 126 343 1298 394; baseline -0.003 -11"><span class='ocrx_word' id='word_1_20' title='bbox 126 347 231 383; x_wconf 86' lang='lat' dir='ltr'>tiche</span> <span class='ocrx_word' id='word_1_21' title='bbox 268 346 420 382; x_wconf 83' lang='lat' dir='ltr'>lentisci</span> <span class='ocrx_word' id='word_1_22' title='bbox 458 345 693 394; x_wconf 82' lang='lat' dir='ltr'>replicandis</span> <span class='ocrx_word' id='word_1_23' title='bbox 729 344 928 394; x_wconf 76' lang='lat' dir='ltr'>palpebris</span> <span class='ocrx_word' id='word_1_24' title='bbox 965 350 1007 380; x_wconf 88' lang='lat' dir='ltr'>et</span> <span class='ocrx_word' id='word_1_25' title='bbox 1043 344 1093 380; x_wconf 87' lang='lat' dir='ltr'>ad</span> <span class='ocrx_word' id='word_1_26' title='bbox 1134 343 1298 379; x_wconf 81' lang='lat' dir='ltr'>extend-</span> 
     </span>
     <span class='ocr_line' id='line_1_8' title="bbox 127 405 1300 455; baseline -0.003 -11"><span class='ocrx_word' id='word_1_27' title='bbox 127 408 271 444; x_wconf 81' lang='lat' dir='ltr'>endam</span> <span class='ocrx_word' id='word_1_28' title='bbox 303 413 436 444; x_wconf 86' lang='lat' dir='ltr'>cutem</span> <span class='ocrx_word' id='word_1_29' title='bbox 469 409 508 442; x_wconf 91' lang='lat' dir='ltr'>in</span> <span class='ocrx_word' id='word_1_30' title='bbox 540 406 639 442; x_wconf 85' lang='lat' dir='ltr'>facie</span> <span class='ocrx_word' id='word_1_31' title='bbox 672 412 713 442; x_wconf 91' lang='lat' dir='ltr'>et</span> <span class='ocrx_word' id='word_1_32' title='bbox 744 411 971 455; x_wconf 84' lang='lat' dir='ltr'>zmegmata</span> <span class='ocrx_word' id='word_1_33' title='bbox 1002 405 1227 448; x_wconf 79' lang='lat' dir='ltr'>adhibetur,</span> <span class='ocrx_word' id='word_1_34' title='bbox 1259 411 1300 440; x_wconf 83' lang='lat' dir='ltr'>et</span> 
     </span>
     <span class='ocr_line' id='line_1_9' title="bbox 126 466 1299 519; baseline -0.003 -14"><span class='ocrx_word' id='word_1_35' title='bbox 126 472 360 519; x_wconf 84' lang='lat' dir='ltr'>sanguinem</span> <span class='ocrx_word' id='word_1_36' title='bbox 396 468 663 510; x_wconf 81' lang='lat' dir='ltr'>reicientibus,</span> <span class='ocrx_word' id='word_1_37' title='bbox 698 469 796 503; x_wconf 92' lang='lat' dir='ltr'>tussi</span> <span class='ocrx_word' id='word_1_38' title='bbox 832 469 971 510; x_wconf 89' lang='lat' dir='ltr'>veteri,</span> <span class='ocrx_word' id='word_1_39' title='bbox 1007 472 1049 502; x_wconf 91' lang='lat' dir='ltr'>et</span> <span class='ocrx_word' id='word_1_40' title='bbox 1084 466 1133 502; x_wconf 89' lang='lat' dir='ltr'>ad</span> <span class='ocrx_word' id='word_1_41' title='bbox 1169 468 1299 502; x_wconf 87' lang='lat' dir='ltr'>omnia</span> 
     </span>
     <span class='ocr_line' id='line_1_10' title="bbox 127 528 1301 579; baseline -0.003 -12"><span class='ocrx_word' id='word_1_42' title='bbox 127 544 229 579; x_wconf 89' lang='lat' dir='ltr'>quae</span> <span class='ocrx_word' id='word_1_43' title='bbox 250 532 405 567; x_wconf 83' lang='lat' dir='ltr'>acaciae</span> <span class='ocrx_word' id='word_1_44' title='bbox 428 528 512 565; x_wconf 83' lang='lat' dir='ltr'>vis.1</span> <span class='ocrx_word' id='word_1_45' title='bbox 568 528 753 565; x_wconf 87' lang='lat' dir='ltr'>medetur</span> <span class='ocrx_word' id='word_1_46' title='bbox 779 534 820 564; x_wconf 92' lang='lat' dir='ltr'>et</span> <span class='ocrx_word' id='word_1_47' title='bbox 845 530 992 564; x_wconf 74' lang='lat' dir='ltr'>attritis</span> <span class='ocrx_word' id='word_1_48' title='bbox 1016 528 1196 574; x_wconf 86' lang='lat' dir='ltr'>partibus</span> <span class='ocrx_word' id='word_1_49' title='bbox 1221 530 1301 563; x_wconf 88' lang='lat' dir='ltr'>sive</span> 
     </span>
     <span class='ocr_line' id='line_1_11' title="bbox 126 588 1302 639; baseline -0.003 -11"><span class='ocrx_word' id='word_1_50' title='bbox 126 592 212 628; x_wconf 90' lang='lat' dir='ltr'>oleo</span> <span class='ocrx_word' id='word_1_51' title='bbox 231 605 252 628; x_wconf 94' lang='lat' dir='ltr'>e</span> <span class='ocrx_word' id='word_1_52' title='bbox 270 594 420 627; x_wconf 89' lang='lat' dir='ltr'>semine</span> <span class='ocrx_word' id='word_1_53' title='bbox 440 593 522 626; x_wconf 90' lang='lat' dir='ltr'>eius</span> <span class='ocrx_word' id='word_1_54' title='bbox 540 589 646 626; x_wconf 87' lang='lat' dir='ltr'>facto</span> <span class='ocrx_word' id='word_1_55' title='bbox 663 602 859 639; x_wconf 88' lang='lat' dir='ltr'>ceraeque</span> <span class='ocrx_word' id='word_1_56' title='bbox 876 592 1016 632; x_wconf 84' lang='lat' dir='ltr'>mixto,</span> <span class='ocrx_word' id='word_1_57' title='bbox 1035 591 1116 625; x_wconf 91' lang='lat' dir='ltr'>sive</span> <span class='ocrx_word' id='word_1_58' title='bbox 1134 588 1234 625; x_wconf 88' lang='lat' dir='ltr'>foliis</span> <span class='ocrx_word' id='word_1_59' title='bbox 1253 601 1302 624; x_wconf 80' lang='lat' dir='ltr'>ex</span> 
     </span>
     <span class='ocr_line' id='line_1_12' title="bbox 126 649 1302 699; baseline -0.003 -10"><span class='ocrx_word' id='word_1_60' title='bbox 126 653 212 689; x_wconf 89' lang='lat' dir='ltr'>oleo</span> <span class='ocrx_word' id='word_1_61' title='bbox 248 653 434 694; x_wconf 85' lang='lat' dir='ltr'>decoctis,</span> <span class='ocrx_word' id='word_1_62' title='bbox 466 654 546 687; x_wconf 88' lang='lat' dir='ltr'>sive</span> <span class='ocrx_word' id='word_1_63' title='bbox 582 665 671 687; x_wconf 90' lang='lat' dir='ltr'>cum</span> <span class='ocrx_word' id='word_1_64' title='bbox 702 664 806 699; x_wconf 89' lang='lat' dir='ltr'>aqua</span> <span class='ocrx_word' id='word_1_65' title='bbox 834 650 917 686; x_wconf 85' lang='lat' dir='ltr'>ita2</span> <span class='ocrx_word' id='word_1_66' title='bbox 947 649 1168 686; x_wconf 88' lang='lat' dir='ltr'>foveantur.</span> <span class='ocrx_word' id='word_1_67' title='bbox 1224 652 1302 686; x_wconf 89' lang='lat' dir='ltr'>scio</span> 
     </span>
     <span class='ocr_line' id='line_1_13' title="bbox 128 710 1301 750; baseline -0.003 0"><span class='ocrx_word' id='word_1_68' title='bbox 128 714 410 750; x_wconf 73' lang='lat' dir='ltr'>Democratem</span> <span class='ocrx_word' id='word_1_69' title='bbox 445 712 643 748; x_wconf 91' lang='lat' dir='ltr'>medicum</span> <span class='ocrx_word' id='word_1_70' title='bbox 677 715 716 748; x_wconf 91' lang='lat' dir='ltr'>in</span> <span class='ocrx_word' id='word_1_71' title='bbox 749 712 967 748; x_wconf 89' lang='lat' dir='ltr'>valitudine</span> <span class='ocrx_word' id='word_1_72' title='bbox 1000 711 1209 747; x_wconf 85' lang='lat' dir='ltr'>Considiae</span> <span class='ocrx_word' id='word_1_73' title='bbox 1244 710 1301 746; x_wconf 92' lang='lat' dir='ltr'>M.</span> 
     </span>
     <span class='ocr_line' id='line_1_14' title="bbox 126 773 1301 811; baseline -0.003 0"><span class='ocrx_word' id='word_1_74' title='bbox 126 774 263 811; x_wconf 88' lang='lat' dir='ltr'>Servili</span> <span class='ocrx_word' id='word_1_75' title='bbox 286 774 498 810; x_wconf 87' lang='lat' dir='ltr'>consularis</span> <span class='ocrx_word' id='word_1_76' title='bbox 522 773 624 809; x_wconf 85' lang='lat' dir='ltr'>filiae</span> <span class='ocrx_word' id='word_1_77' title='bbox 648 786 808 809; x_wconf 89' lang='lat' dir='ltr'>omnem</span> <span class='ocrx_word' id='word_1_78' title='bbox 831 775 1077 809; x_wconf 90' lang='lat' dir='ltr'>curationem</span> <span class='ocrx_word' id='word_1_79' title='bbox 1101 778 1301 808; x_wconf 86' lang='lat' dir='ltr'>austeram</span> 
     </span>
     <span class='ocr_line' id='line_1_15' title="bbox 128 834 1302 883; baseline -0.003 -11"><span class='ocrx_word' id='word_1_80' title='bbox 128 838 344 872; x_wconf 84' lang='lat' dir='ltr'>recusantis</span> <span class='ocrx_word' id='word_1_81' title='bbox 371 836 438 871; x_wconf 90' lang='lat' dir='ltr'>diu</span> <span class='ocrx_word' id='word_1_82' title='bbox 464 835 676 871; x_wconf 84' lang='lat' dir='ltr'>efficaciter</span> <span class='ocrx_word' id='word_1_83' title='bbox 701 847 815 870; x_wconf 89' lang='lat' dir='ltr'>usum</span> <span class='ocrx_word' id='word_1_84' title='bbox 842 834 945 870; x_wconf 87' lang='lat' dir='ltr'>lacte</span> <span class='ocrx_word' id='word_1_85' title='bbox 971 847 1177 883; x_wconf 88' lang='lat' dir='ltr'>caprarum</span> <span class='ocrx_word' id='word_1_86' title='bbox 1205 846 1302 883; x_wconf 84' lang='lat' dir='ltr'>quas</span> 
     </span>
     <span class='ocr_line' id='line_1_16' title="bbox 128 897 513 946; baseline -0.003 -13"><span class='ocrx_word' id='word_1_87' title='bbox 128 897 292 933; x_wconf 85' lang='lat' dir='ltr'>lentisco</span> <span class='ocrx_word' id='word_1_88' title='bbox 311 897 513 946; x_wconf 87' lang='lat' dir='ltr'>pascebat.</span> 
     </span>
    </p>

    <p class='ocr_par' dir='ltr' id='par_1_6' title="bbox 127 956 1306 1744">
     <span class='ocr_line' id='line_1_17' title="bbox 177 956 1301 1006; baseline -0.003 -11"><span class='ocrx_word' id='word_1_89' title='bbox 177 959 326 995; x_wconf 83' lang='lat' dir='ltr'>XXIX.</span> <span class='ocrx_word' id='word_1_90' title='bbox 357 956 511 994; x_wconf 84' lang='lat' dir='ltr'>Platani</span> <span class='ocrx_word' id='word_1_91' title='bbox 599 957 859 993; x_wconf 86' lang='lat' dir='ltr'>adversantur</span> <span class='ocrx_word' id='word_1_92' title='bbox 945 957 1301 1006; x_wconf 80' lang='lat' dir='ltr'>vespertilionibus,</span> 
     </span>
     <span class='ocr_line' id='line_1_18' title="bbox 128 1018 1301 1069; baseline -0.002 -13"><span class='ocrx_word' id='word_1_93' title='bbox 128 1020 272 1069; x_wconf 90' lang='lat' dir='ltr'>pilulae</span> <span class='ocrx_word' id='word_1_94' title='bbox 305 1032 441 1055; x_wconf 86' lang='lat' dir='ltr'>earum</span> <span class='ocrx_word' id='word_1_95' title='bbox 473 1022 512 1054; x_wconf 91' lang='lat' dir='ltr'>in</span> <span class='ocrx_word' id='word_1_96' title='bbox 542 1022 631 1055; x_wconf 85' lang='lat' dir='ltr'>vino</span> <span class='ocrx_word' id='word_1_97' title='bbox 667 1024 787 1068; x_wconf 88' lang='lat' dir='ltr'>potae</span> <span class='ocrx_word' id='word_1_98' title='bbox 823 1018 1075 1055; x_wconf 85' lang='lat' dir='ltr'>denariorum</span> <span class='ocrx_word' id='word_1_99' title='bbox 1112 1030 1174 1054; x_wconf 89' lang='lat'>1111</span> <span class='ocrx_word' id='word_1_100' title='bbox 1207 1031 1301 1067; x_wconf 91' lang='lat' dir='ltr'>pon-</span> 
     </span>
     <span class='ocr_line' id='line_1_19' title="bbox 128 1082 1303 1129; baseline -0.002 -12"><span class='ocrx_word' id='word_1_101' title='bbox 128 1082 223 1118; x_wconf 91' lang='lat' dir='ltr'>dere</span> <span class='ocrx_word' id='word_1_102' title='bbox 257 1082 439 1117; x_wconf 92' lang='lat' dir='ltr'>omnibus</span> <span class='ocrx_word' id='word_1_103' title='bbox 477 1082 722 1129; x_wconf 84' lang='lat' dir='ltr'>serpentium</span> <span class='ocrx_word' id='word_1_104' title='bbox 764 1085 806 1116; x_wconf 89' lang='lat' dir='ltr'>et</span> <span class='ocrx_word' id='word_1_105' title='bbox 843 1082 1092 1129; x_wconf 87' lang='lat' dir='ltr'>scorpionum</span> <span class='ocrx_word' id='word_1_106' title='bbox 1126 1082 1303 1123; x_wconf 81' lang='lat' dir='ltr'>venenis,</span> 
     </span>
     <span class='ocr_line' id='line_1_20' title="bbox 128 1143 1301 1179; baseline 0.001 -1"><span class='ocrx_word' id='word_1_107' title='bbox 128 1146 223 1179; x_wconf 91' lang='lat' dir='ltr'>item</span> <span class='ocrx_word' id='word_1_108' title='bbox 276 1143 480 1178; x_wconf 86' lang='lat' dir='ltr'>ambustis.</span> <span class='ocrx_word' id='word_1_109' title='bbox 535 1147 680 1177; x_wconf 88' lang='lat' dir='ltr'>tunsae</span> <span class='ocrx_word' id='word_1_110' title='bbox 732 1147 867 1177; x_wconf 90' lang='lat' dir='ltr'>autem</span> <span class='ocrx_word' id='word_1_111' title='bbox 919 1154 1007 1177; x_wconf 89' lang='lat' dir='ltr'>cum</span> <span class='ocrx_word' id='word_1_112' title='bbox 1060 1147 1174 1177; x_wconf 87' lang='lat' dir='ltr'>aceto</span> <span class='ocrx_word' id='word_1_113' title='bbox 1226 1146 1301 1179; x_wconf 85' lang='lat' dir='ltr'>acri</span> 
     </span>
     <span class='ocr_line' id='line_1_21' title="bbox 127 1201 1306 1254; baseline -0.002 -14"><span class='ocrx_word' id='word_1_114' title='bbox 127 1206 333 1254; x_wconf 84' lang='lat' dir='ltr'>magisque</span> <span class='ocrx_word' id='word_1_115' title='bbox 356 1203 496 1239; x_wconf 90' lang='lat' dir='ltr'>scillite</span> <span class='ocrx_word' id='word_1_116' title='bbox 519 1205 753 1252; x_wconf 82' lang='lat' dir='ltr'>sanguinem</span> <span class='ocrx_word' id='word_1_117' title='bbox 777 1215 936 1238; x_wconf 89' lang='lat' dir='ltr'>omnem</span> <span class='ocrx_word' id='word_1_118' title='bbox 958 1204 1104 1238; x_wconf 88' lang='lat' dir='ltr'>sistunt</span> <span class='ocrx_word' id='word_1_119' title='bbox 1127 1207 1168 1238; x_wconf 90' lang='lat' dir='ltr'>et</span> <span class='ocrx_word' id='word_1_120' title='bbox 1189 1201 1306 1238; x_wconf 85' lang='lat' dir='ltr'>lenti-</span> 
     </span>
     <span class='ocr_line' id='line_1_22' title="bbox 127 1263 1305 1315; baseline -0.001 -14"><span class='ocrx_word' id='word_1_121' title='bbox 127 1268 260 1315; x_wconf 82' lang='lat' dir='ltr'>ginem</span> <span class='ocrx_word' id='word_1_122' title='bbox 286 1270 328 1301; x_wconf 87' lang='lat' dir='ltr'>et</span> <span class='ocrx_word' id='word_1_123' title='bbox 351 1267 617 1300; x_wconf 83' lang='lat' dir='ltr'>carcinomata</span> <span class='ocrx_word' id='word_1_124' title='bbox 641 1263 960 1313; x_wconf 86' lang='lat' dir='ltr'>malandriasque</span> <span class='ocrx_word' id='word_1_125' title='bbox 986 1269 1142 1300; x_wconf 81' lang='lat' dir='ltr'>veteres</span> <span class='ocrx_word' id='word_1_126' title='bbox 1167 1264 1305 1300; x_wconf 87' lang='lat' dir='ltr'>addito</span> 
     </span>
     <span class='ocr_line' id='line_1_23' title="bbox 129 1325 1304 1362; baseline -0.001 0"><span class='ocrx_word' id='word_1_127' title='bbox 129 1326 245 1362; x_wconf 91' lang='lat' dir='ltr'>melle</span> <span class='ocrx_word' id='word_1_128' title='bbox 275 1326 503 1362; x_wconf 88' lang='lat' dir='ltr'>emendant.</span> <span class='ocrx_word' id='word_1_129' title='bbox 560 1325 652 1361; x_wconf 87' lang='lat' dir='ltr'>folia</span> <span class='ocrx_word' id='word_1_130' title='bbox 681 1331 817 1361; x_wconf 85' lang='lat' dir='ltr'>autem</span> <span class='ocrx_word' id='word_1_131' title='bbox 848 1331 889 1361; x_wconf 88' lang='lat' dir='ltr'>et</span> <span class='ocrx_word' id='word_1_132' title='bbox 917 1331 1054 1361; x_wconf 82' lang='lat' dir='ltr'>cortex</span> <span class='ocrx_word' id='word_1_133' title='bbox 1084 1325 1304 1361; x_wconf 88' lang='lat' dir='ltr'>inlinuntur</span> 
     </span>
     <span class='ocr_line' id='line_1_24' title="bbox 127 1386 1303 1436; baseline -0.002 -12"><span class='ocrx_word' id='word_1_134' title='bbox 127 1388 422 1424; x_wconf 89' lang='lat' dir='ltr'>collectionibus</span> <span class='ocrx_word' id='word_1_135' title='bbox 438 1393 479 1423; x_wconf 93' lang='lat' dir='ltr'>et</span> <span class='ocrx_word' id='word_1_136' title='bbox 493 1387 857 1436; x_wconf 87' lang='lat' dir='ltr'>suppurationibus,</span> <span class='ocrx_word' id='word_1_137' title='bbox 872 1392 914 1422; x_wconf 92' lang='lat' dir='ltr'>et</span> <span class='ocrx_word' id='word_1_138' title='bbox 927 1386 1137 1423; x_wconf 90' lang='lat' dir='ltr'>decoctum</span> <span class='ocrx_word' id='word_1_139' title='bbox 1153 1399 1303 1431; x_wconf 88' lang='lat' dir='ltr'>eorum,</span> 
     </span>
     <span class='ocr_line' id='line_1_25' title="bbox 127 1448 1303 1492; baseline -0.002 -6"><span class='ocrx_word' id='word_1_140' title='bbox 127 1452 281 1486; x_wconf 89' lang='lat' dir='ltr'>corticis</span> <span class='ocrx_word' id='word_1_141' title='bbox 323 1455 459 1485; x_wconf 89' lang='lat' dir='ltr'>autem</span> <span class='ocrx_word' id='word_1_142' title='bbox 502 1451 540 1484; x_wconf 90' lang='lat' dir='ltr'>in</span> <span class='ocrx_word' id='word_1_143' title='bbox 583 1454 697 1484; x_wconf 88' lang='lat' dir='ltr'>aceto</span> <span class='ocrx_word' id='word_1_144' title='bbox 739 1448 921 1484; x_wconf 87' lang='lat' dir='ltr'>dentium</span> <span class='ocrx_word' id='word_1_145' title='bbox 963 1448 1184 1484; x_wconf 89' lang='lat' dir='ltr'>remedium</span> <span class='ocrx_word' id='word_1_146' title='bbox 1227 1454 1303 1492; x_wconf 86' lang='lat' dir='ltr'>est,</span> 
     </span>
     <span class='ocr_line' id='line_1_26' title="bbox 129 1509 1300 1548; baseline -0.001 -1"><span class='ocrx_word' id='word_1_147' title='bbox 129 1511 309 1548; x_wconf 89' lang='lat' dir='ltr'>foliorum</span> <span class='ocrx_word' id='word_1_148' title='bbox 339 1513 554 1546; x_wconf 86' lang='lat' dir='ltr'>tenerrima</span> <span class='ocrx_word' id='word_1_149' title='bbox 583 1512 623 1545; x_wconf 91' lang='lat' dir='ltr'>in</span> <span class='ocrx_word' id='word_1_150' title='bbox 651 1512 740 1546; x_wconf 85' lang='lat' dir='ltr'>vino</span> <span class='ocrx_word' id='word_1_151' title='bbox 774 1509 863 1546; x_wconf 88' lang='lat' dir='ltr'>albo</span> <span class='ocrx_word' id='word_1_152' title='bbox 892 1509 1058 1546; x_wconf 88' lang='lat' dir='ltr'>decocta</span> <span class='ocrx_word' id='word_1_153' title='bbox 1086 1509 1300 1546; x_wconf 87' lang='lat' dir='ltr'>oculorum.</span> 
     </span>
     <span class='ocr_line' id='line_1_27' title="bbox 130 1571 1304 1622; baseline -0.001 -14"><span class='ocrx_word' id='word_1_154' title='bbox 130 1573 273 1622; x_wconf 80' lang='lat' dir='ltr'>lanugo</span> <span class='ocrx_word' id='word_1_155' title='bbox 304 1572 474 1608; x_wconf 77' lang='lat' dir='ltr'>florum³</span> <span class='ocrx_word' id='word_1_156' title='bbox 504 1577 545 1607; x_wconf 88' lang='lat' dir='ltr'>et</span> <span class='ocrx_word' id='word_1_157' title='bbox 577 1572 736 1607; x_wconf 89' lang='lat' dir='ltr'>auribus</span> <span class='ocrx_word' id='word_1_158' title='bbox 769 1577 811 1607; x_wconf 93' lang='lat' dir='ltr'>et</span> <span class='ocrx_word' id='word_1_159' title='bbox 841 1571 961 1607; x_wconf 90' lang='lat' dir='ltr'>oculis</span> <span class='ocrx_word' id='word_1_160' title='bbox 994 1571 1154 1607; x_wconf 86' lang='lat' dir='ltr'>inutilis.</span> <span class='ocrx_word' id='word_1_161' title='bbox 1209 1574 1304 1607; x_wconf 88' lang='lat' dir='ltr'>cinis</span> 
     </span>
     <span class='ocr_line' id='line_1_28' title="bbox 129 1631 1303 1683; baseline -0.001 -14"><span class='ocrx_word' id='word_1_162' title='bbox 129 1634 336 1683; x_wconf 85' lang='lat' dir='ltr'>pilularum</span> <span class='ocrx_word' id='word_1_163' title='bbox 363 1638 477 1669; x_wconf 89' lang='lat' dir='ltr'>sanat</span> <span class='ocrx_word' id='word_1_164' title='bbox 504 1633 687 1668; x_wconf 88' lang='lat' dir='ltr'>ambusta</span> <span class='ocrx_word' id='word_1_165' title='bbox 713 1635 793 1682; x_wconf 82' lang='lat' dir='ltr'>igni</span> <span class='ocrx_word' id='word_1_166' title='bbox 819 1632 881 1668; x_wconf 84' lang='lat' dir='ltr'>vel</span> <span class='ocrx_word' id='word_1_167' title='bbox 907 1631 1063 1682; x_wconf 86' lang='lat' dir='ltr'>frigore.</span> <span class='ocrx_word' id='word_1_168' title='bbox 1118 1638 1255 1669; x_wconf 86' lang='lat' dir='ltr'>cortex</span> <span class='ocrx_word' id='word_1_169' title='bbox 1282 1645 1303 1668; x_wconf 91' lang='lat' dir='ltr'>e</span> 
     </span>
     <span class='ocr_line' id='line_1_29' title="bbox 129 1696 858 1744; baseline -0.003 -13"><span class='ocrx_word' id='word_1_170' title='bbox 129 1698 217 1731; x_wconf 84' lang='lat' dir='ltr'>vino</span> <span class='ocrx_word' id='word_1_171' title='bbox 240 1698 488 1744; x_wconf 90' lang='lat' dir='ltr'>scorpionum</span> <span class='ocrx_word' id='word_1_172' title='bbox 511 1697 611 1730; x_wconf 91' lang='lat' dir='ltr'>ictus</span> <span class='ocrx_word' id='word_1_173' title='bbox 635 1696 858 1743; x_wconf 74' lang='lat' dir='ltr'>restincruit.</span> 
     </span>
    </p>
   </div>
   <div class='ocr_carea' id='block_1_6' title="bbox 133 1770 1303 2025">
    <p class='ocr_par' dir='ltr' id='par_1_7' title="bbox 180 1770 1303 1820">
     <span class='ocr_line' id='line_1_30' title="bbox 180 1770 1303 1820; baseline -0.001 -17.966"><span class='ocrx_word' id='word_1_174' title='bbox 180 1773 302 1820; x_wconf 78' lang='lat' dir='ltr'>lquae</span> <span class='ocrx_word' id='word_1_175' title='bbox 324 1772 458 1803; x_wconf 83' lang='lat' dir='ltr'>acaciae</span> <span class='ocrx_word' id='word_1_176' title='bbox 476 1772 526 1801; x_wconf 82' lang='lat' dir='ltr'>vis</span> <span class='ocrx_word' id='word_1_177' title='bbox 548 1781 586 1802; x_wconf 73' lang='lat' dir='ltr'>ex</span> <span class='ocrx_word' id='word_1_178' title='bbox 610 1771 798 1801; x_wconf 70' lang='lat' dir='ltr'>Dioscorida</span> <span class='ocrx_word' id='word_1_179' title='bbox 814 1770 920 1811; x_wconf 66' lang='lat' dir='ltr'>Silliy,</span> <span class='ocrx_word' id='word_1_180' title='bbox 939 1770 1110 1813; x_wconf 81' lang='lat' dir='ltr'>Dellefsen,</span> <span class='ocrx_word' id='word_1_181' title='bbox 1129 1771 1303 1811; x_wconf 75' lang='lat' dir='ltr'>Mayhoff:</span> 
     </span>
    </p>

    <p class='ocr_par' dir='ltr' id='par_1_8' title="bbox 135 1813 1303 1855">
     <span class='ocr_line' id='line_1_31' title="bbox 135 1813 1303 1855; baseline 0 -10"><span class='ocrx_word' id='word_1_182' title='bbox 135 1815 285 1855; x_wconf 78' lang='lat' dir='ltr'>quaevis,</span> <span class='ocrx_word' id='word_1_183' title='bbox 304 1825 369 1855; x_wconf 86' lang='lat' dir='ltr'>qua</span> <span class='ocrx_word' id='word_1_184' title='bbox 393 1815 475 1851; x_wconf 87' lang='lat' dir='ltr'>eius,</span> <span class='ocrx_word' id='word_1_185' title='bbox 490 1824 576 1854; x_wconf 79' lang='lat' dir='ltr'>quae</span> <span class='ocrx_word' id='word_1_186' title='bbox 598 1814 657 1851; x_wconf 85' lang='lat' dir='ltr'>eis,</span> <span class='ocrx_word' id='word_1_187' title='bbox 674 1824 738 1854; x_wconf 88' lang='lat' dir='ltr'>que</span> <span class='ocrx_word' id='word_1_188' title='bbox 758 1814 810 1844; x_wconf 81' lang='lat' dir='ltr'>vis</span> <span class='ocrx_word' id='word_1_189' title='bbox 830 1814 942 1844; x_wconf 81' lang='lat' dir='ltr'>codd..</span> <span class='ocrx_word' id='word_1_190' title='bbox 975 1824 1061 1854; x_wconf 86' lang='lat' dir='ltr'>quae</span> <span class='ocrx_word' id='word_1_191' title='bbox 1077 1813 1303 1845; x_wconf 84' lang='lat' dir='ltr'>hammoniaci</span> 
     </span>
    </p>

    <p class='ocr_par' dir='ltr' id='par_1_9' title="bbox 135 1857 1302 1940">
     <span class='ocr_line' id='line_1_32' title="bbox 135 1857 1302 1940; baseline -0.001 -10"><span class='ocrx_word' id='word_1_192' title='bbox 135 1869 153 1888; x_wconf 67' lang='lat' dir='ltr'>V</span> <span class='ocrx_word' id='word_1_193' title='bbox 158 1859 188 1919; x_wconf 68' lang='lat' dir='ltr'>is2</span> <span class='ocrx_word' id='word_1_194' title='bbox 200 1857 441 1940; x_wconf 48' lang='lat' dir='ltr'>Qiltlilxqillayhoff:</span> <span class='ocrx_word' id='word_1_195' title='bbox 469 1904 505 1930; x_wconf 82' lang='lat' dir='ltr'>ut</span> <span class='ocrx_word' id='word_1_196' title='bbox 518 1900 567 1930; x_wconf 81' lang='lat' dir='ltr'>ita</span> <span class='ocrx_word' id='word_1_197' title='bbox 581 1900 609 1930; x_wconf 80' lang='lat' dir='ltr'>V</span> <span class='ocrx_word' id='word_1_198' title='bbox 611 1900 679 1930; x_wconf 89' lang='lat' dir='ltr'>dT:</span> <span class='ocrx_word' id='word_1_199' title='bbox 706 1899 803 1929; x_wconf 82' lang='lat' dir='ltr'>utilia</span> <span class='ocrx_word' id='word_1_200' title='bbox 816 1899 868 1930; x_wconf 85' lang='lat' dir='ltr'>X:</span> <span class='ocrx_word' id='word_1_201' title='bbox 891 1899 1003 1929; x_wconf 84' lang='lat' dir='ltr'>virilia</span> <span class='ocrx_word' id='word_1_202' title='bbox 1016 1899 1211 1930; x_wconf 76' lang='lat' dir='ltr'>Hermolaus</span> <span class='ocrx_word' id='word_1_203' title='bbox 1221 1900 1302 1930; x_wconf 84' lang='grc' dir='ltr'><em>Βαν-</em></span> 
     </span>
    </p>

    <p class='ocr_par' dir='ltr' id='par_1_10' title="bbox 133 1941 1286 2025">
     <span class='ocr_line' id='line_1_33' title="bbox 133 1941 1286 1982; baseline -0.001 -8"><span class='ocrx_word' id='word_1_204' title='bbox 133 1944 240 1974; x_wconf 72' lang='lat' dir='ltr'>harus.</span> <span class='ocrx_word' id='word_1_205' title='bbox 288 1942 444 1982; x_wconf 80' lang='lat' dir='ltr'>Mayhofs</span> <span class='ocrx_word' id='word_1_206' title='bbox 457 1942 502 1972; x_wconf 76' lang='lat' dir='ltr'>ita</span> <span class='ocrx_word' id='word_1_207' title='bbox 519 1943 665 1972; x_wconf 74' lang='lat' dir='ltr'>emendat</span> <span class='ocrx_word' id='word_1_208' title='bbox 683 1955 689 1973; x_wconf 89' lang='lat'><strong>:</strong></span> <span class='ocrx_word' id='word_1_209' title='bbox 708 1943 737 1972; x_wconf 88' lang='lat' dir='ltr'>si</span> <span class='ocrx_word' id='word_1_210' title='bbox 751 1941 815 1972; x_wconf 76' lang='lat' dir='ltr'>hae</span> <span class='ocrx_word' id='word_1_211' title='bbox 831 1952 908 1972; x_wconf 86' lang='lat' dir='ltr'>cum</span> <span class='ocrx_word' id='word_1_212' title='bbox 924 1952 1014 1981; x_wconf 87' lang='lat' dir='ltr'>aqua</span> <span class='ocrx_word' id='word_1_213' title='bbox 1029 1943 1078 1973; x_wconf 80' lang='lat' dir='ltr'>ita</span> <span class='ocrx_word' id='word_1_214' title='bbox 1095 1942 1286 1973; x_wconf 77' lang='lat' dir='ltr'>foveantur.</span> 
     </span>
     <span class='ocr_line' id='line_1_34' title="bbox 181 1984 992 2025; baseline -0.001 -9"><span class='ocrx_word' id='word_1_215' title='bbox 181 1986 194 2004; x_wconf 83' lang='lat'><strong>³</strong></span> <span class='ocrx_word' id='word_1_216' title='bbox 217 1986 338 2017; x_wconf 87' lang='lat' dir='ltr'>florum</span> <span class='ocrx_word' id='word_1_217' title='bbox 355 1986 438 2016; x_wconf 80' lang='lat' dir='ltr'>coni.</span> <span class='ocrx_word' id='word_1_218' title='bbox 463 1985 702 2025; x_wconf 51' lang='lat' dir='ltr'>Warmi&#39;nqton:</span> <span class='ocrx_word' id='word_1_219' title='bbox 730 1984 887 2015; x_wconf 86' lang='lat' dir='ltr'>foliorum</span> <span class='ocrx_word' id='word_1_220' title='bbox 904 1984 992 2015; x_wconf 83' lang='lat' dir='ltr'>codd.</span> 
     </span>
    </p>
   </div>
   <div class='ocr_carea' id='block_1_7' title="bbox 130 2032 176 2079">
    <p class='ocr_par' dir='ltr' id='par_1_11' title="bbox 130 2032 176 2079">
     <span class='ocr_line' id='line_1_35' title="bbox 130 2032 176 2079; baseline 0 -12"><span class='ocrx_word' id='word_1_221' title='bbox 130 2032 176 2079; x_wconf 83' lang='lat'>36</span> 
     </span>
    </p>
   </div>
  </div>
 </body>
</html>
