1459 2288
111 401 172 432 140

113 721 170 751 141

390 185 586 222 PLINY:
632 184 896 222 NATURAL
929 183 1167 221 HISTORY

190 289 373 327 sumendi
404 288 603 325 acetabuli
633 301 830 324 mensura.
885 286 1048 336 prodest
1079 293 1121 323 et
1151 286 1369 323 ischiadicis

191 342 364 379 infusum
395 342 523 379 donec
553 344 789 391 sanguinem
819 341 966 377 trahat.
1020 353 1177 376 menses
1209 353 1367 389 quoque

191 399 282 439 ciet,
311 395 381 432 sed
408 402 545 445 partus
572 401 703 431 necat.
758 394 929 431 alterum
956 393 1102 442 thlaspi
1130 393 1251 442 aliqui
1279 392 1371 429 Per-

192 453 299 486 sicon
327 462 432 498 napy
462 454 618 491 vocant,
646 448 735 484 latis
764 447 881 490 foliis,
909 447 1104 483 radicibus
1132 448 1300 496 magnis,
1330 452 1372 482 et

192 506 322 552 ipsum
369 502 467 538 utile
515 501 816 538 ischiadicorum
862 499 1062 536 infusioni.
1116 499 1280 549 prodest
1328 505 1370 536 et

193 556 419 605 inguinibus
437 561 620 604 utraque.
675 556 917 603 praecipitur
936 559 980 590 ut
999 555 1066 602 qui
1085 553 1247 602 colligat
1265 552 1373 589 dicat

193 622 348 646 sumere
365 622 406 645 se
423 614 561 645 contra
575 611 739 657 inguina
755 613 797 644 et
812 613 950 643 contra
966 619 1102 643 omnes
1118 606 1372 643 collectiones

194 669 236 700 et
252 668 390 699 contra
407 662 584 705 vulnera,
600 674 680 697 una
696 674 817 697 manu
833 660 962 697 tollat.

247 715 387 752 CXIV.
416 715 624 751 Trachinia
661 714 786 751 herba
823 713 949 763 qualis
987 715 1038 749 sit
1076 726 1154 749 non
1188 712 1372 749 traditur.

194 769 312 806 credo
340 768 483 805 falsum
512 774 554 805 et
582 770 818 817 promissum
847 767 1067 803 Democriti
1095 771 1373 815 portentosum

195 836 295 865 esse,
314 822 572 871 adalligatam
591 821 724 858 triduo
743 821 951 857 absumere
969 820 1106 856 lienes.

246 876 364 912 CXV.
392 875 584 925 Tragonis
622 877 703 911 sive
741 877 899 923 tragion
937 875 1111 909 nascitur
1148 875 1189 908 in
1227 871 1372 908 Cretae

195 936 354 966 tantum
379 929 530 965 insulae
555 930 778 971 maritimis,
803 929 972 976 iunipiro
996 926 1131 962 similis
1157 931 1199 962 et
1224 927 1374 962 semine

197 990 238 1020 et
272 981 367 1019 folio
402 988 443 1019 et
477 985 606 1018 ramis.
661 994 776 1017 sucus
812 983 895 1017 eius
929 980 1080 1016 lacteus
1114 982 1154 1015 in
1187 980 1375 1015 cummim

196 1039 386 1086 spissatus
404 1035 466 1071 vel
485 1048 622 1072 semen
640 1037 678 1070 in
698 1037 860 1084 potione
880 1032 1029 1082 spicula
1048 1046 1069 1069 e
1088 1045 1249 1081 corpore
1270 1034 1373 1068 eicit.

196 1089 379 1126 tunditur
396 1102 532 1125 recens
552 1095 593 1124 et
610 1101 700 1124 cum
717 1091 807 1123 vino
823 1087 1003 1123 inlinitur
1020 1091 1090 1122 aut
1106 1088 1231 1122 siccae
1249 1083 1376 1121 farina

196 1156 286 1180 cum
315 1142 446 1179 melle.
502 1142 643 1178 eadem
671 1141 783 1178 lactis
812 1140 1101 1177 abundantiam
1129 1137 1224 1175 facit
1251 1151 1376 1175 mam-

198 1199 350 1245 misque
370 1198 484 1232 unice
505 1195 701 1232 medetur.

250 1249 390 1286 CXVI.
420 1249 493 1285 Est
537 1255 579 1285 et
622 1247 700 1284 alia
742 1247 867 1283 herba
910 1253 1043 1296 tragos
1088 1258 1208 1295 quam
1253 1244 1376 1293 aliqui

199 1306 378 1352 scorpion
421 1308 577 1345 vocant,
620 1300 867 1350 semipedem
909 1300 1004 1342 alta,
1046 1298 1248 1341 fruticosa,
1291 1300 1378 1334 sine

198 1355 314 1399 foliis,
339 1355 489 1405 pusillis
514 1358 679 1391 racemis
704 1354 938 1390 rubentibus
964 1355 1076 1402 grani
1101 1354 1235 1395 tritici,
1261 1356 1378 1388 acuto

201 1412 418 1452 cacumine,
467 1414 509 1445 et
555 1412 640 1457 ipsa
686 1410 726 1443 in
773 1409 982 1443 maritimis
1029 1418 1207 1442 nascens.
1261 1404 1376 1441 huius

200 1461 462 1499 racemorum1
491 1474 513 1497 x
544 1468 613 1498 aut
643 1473 697 1497 ΧΠ
728 1463 933 1497 cacumina
962 1462 1058 1496 trita
1087 1472 1135 1495 ex
1165 1461 1255 1494 vino
1284 1463 1379 1507 pota

199 1516 392 1559 coeliacis,
417 1515 679 1565 dysintericis,
704 1517 939 1563 sanguinem
965 1512 1242 1550 excreantibus
1266 1524 1378 1547 men-

200 1582 367 1619 sumque
387 1568 656 1605 abundantiae
676 1568 928 1604 auxiliantur.

254 1649 265 1667 ¹
289 1659 500 1680 racemorum
517 1659 531 1679 e
549 1648 659 1679 Diosc.
677 1647 834 1687 Mayhoff
846 1659 852 1678 :
879 1656 1052 1677 ramorum
1071 1644 1173 1681 codd„
1190 1643 1365 1684 Detlessen.

243 1768 257 1782 ‘²
280 1764 339 1795 Le.
357 1763 423 1794 like
438 1773 482 1794 an
498 1772 628 1793 enema.

242 1805 254 1825 ⁶
277 1806 450 1847 Probably
469 1816 489 1836 a
507 1805 654 1836 mistake
673 1804 712 1835 of
730 1803 870 1844 Pliny’s.
917 1802 1131 1834 Dioscorides
1151 1800 1201 1841 (ΙΙ
1224 1800 1297 1839 156)
1318 1799 1379 1831 has

199 1850 279 1890 only
293 1851 364 1889 ἄγει
382 1849 416 1881 δὲ
433 1849 485 1881 καὶ
502 1849 589 1889 αἷμα.
636 1847 793 1888 Mayhoff
803 1846 916 1877 would
930 1846 1059 1886 change
1073 1845 1173 1876 donec
1185 1847 1223 1875 to
1233 1843 1380 1884 potione,

199 1893 262 1924 but
281 1893 339 1923 the
359 1892 457 1924 ποθὲν
474 1891 563 1923 after
581 1890 659 1932 αἷμα
676 1891 715 1928 is,
733 1890 913 1930 according
931 1892 968 1920 to
987 1887 1191 1924 Wellmanm
1208 1897 1229 1918 a
1246 1889 1326 1928 part
1344 1885 1384 1917 of

199 1936 258 1967 the
274 1939 358 1966 next
376 1935 497 1966 clause.

242 1983 253 1997 ⁶
278 1978 297 1990 “
313 1979 450 2009 Persian
467 1975 657 2008 mustard.’'

241 2020 256 2039 ‘²
279 2020 463 2062 Mayhoff's
479 2019 698 2052 emendation
716 2028 920 2049 racemorum
937 2017 989 2048 for
1006 2016 1066 2048 the
1082 2025 1252 2047 ramorum
1269 2013 1309 2045 of
1321 2013 1381 2045 the

199 2063 293 2095 MSS.
316 2064 344 2095 is
367 2063 551 2096 confirmed
572 2063 618 2104 by
634 2061 849 2093 Dioscorides
871 2060 920 2092 IV
942 2061 980 2091 51
999 2072 1006 2092 ε
1037 2058 1091 2091 ἐπὶ
1112 2058 1145 2091 δὲ
1165 2060 1232 2090 τῶν
1253 2056 1381 2090 κλάδων

203 2127 274 2173 476
