1459 2288
122 600 161 630 75

390 137 585 175 PLINY:
631 137 895 175 NATURAL
929 137 1165 175 HISTORY

187 248 327 279 tenera
351 242 610 285 tenuioribus,
635 246 676 278 et
700 253 778 276 non
802 243 874 277 nisi
898 243 937 277 in
960 243 1166 277 maritimis
1190 254 1365 277 nascens

188 307 281 337 sunt
307 303 373 350 qui
400 303 439 336 in
466 299 768 336 mediterraneis
797 299 937 336 eodem
964 302 1122 336 nomine
1150 299 1367 348 appellent,

188 359 352 409 simplici
372 358 497 402 caule,
516 360 688 394 minimis
706 357 822 401 foliis,
841 357 943 394 floris
962 360 1105 407 copiosi
1125 360 1366 407 erumpentis

188 432 278 454 cum
306 431 381 454 uva
408 420 654 460 maturescit,
682 416 803 453 odore
830 430 909 453 non
936 416 1163 453 iniucundo.
1218 430 1336 466 quam
1354 416 1367 439 ¹

189 477 350 526 quidam
395 477 554 526 botryn,
600 476 665 512 alii
712 475 948 512 ambrosiam
994 481 1148 518 vocant,
1194 475 1284 511 talis
1329 478 1366 511 in

189 535 440 585 Cappadocia
456 537 643 571 nascitur.

238 594 445 630 XXXVII.
477 593 714 643 Nymphaea
743 599 838 629 nata
865 593 1037 629 traditur
1064 592 1240 643 nympha
1267 592 1366 628 zelo·

188 656 299 704 typia
342 666 437 702 erga
482 652 697 688 Herculem
746 658 1112 701 mortua—quare
1160 650 1368 687 heracleon

189 718 330 748 vocant
355 712 488 760 aliqui,
515 711 578 747 alii
605 711 795 759 rhopalon
821 724 844 746 a
868 710 998 747 radice
1023 710 1157 746 clavae
1182 709 1296 745 simili
1320 732 1366 736 —-

187 771 357 820 ideoque
405 783 470 807 eos
518 772 585 819 qui
630 770 804 806 biberint
851 782 939 805 eam
982 781 1037 805 ΧΗ
1078 769 1218 805 diebus
1263 770 1367 804 coitu

188 832 453 879 genituraque
496 831 651 878 privari.
706 828 981 865 laudatissima
1022 830 1062 863 in
1104 826 1369 864 Orchomenia

190 895 231 925 et
277 887 529 924 Marathone.
585 887 723 924 Boeoti
771 886 918 923 mallon
962 891 1105 922 vocant
1148 891 1190 922 et
1233 898 1369 922 semen

189 947 326 984 edunt.
381 949 555 982 nascitur
579 949 620 982 in
647 948 816 995 aquosis,
842 944 945 981 foliis
971 947 1124 995 magnis
1150 947 1190 980 in
1215 957 1369 981 summa

189 1019 293 1055 aqua
329 1011 370 1042 et
406 1005 489 1041 aliis
527 1018 575 1041 ex
612 1005 756 1048 radice,
792 1003 887 1040 flore
922 1003 1004 1040 lilio
1039 1002 1152 1039 simili
1191 1009 1245 1046 et,
1280 1016 1369 1039 cum

189 1064 387 1107 defloruit,
433 1066 565 1113 capite
611 1065 831 1113 papaveris,
878 1062 984 1099 levi2
1029 1061 1152 1098 caule.
1214 1067 1370 1098 secatur

189 1129 381 1160 autumno
419 1123 531 1159 radix
566 1125 691 1172 nigra,
720 1125 760 1158 in
799 1121 881 1158 sole
920 1124 1098 1157 siccatur.
1139 1120 1370 1157 adversatur

189 1183 312 1219 lieni.3
365 1187 426 1218 est
462 1187 503 1218 et
539 1181 616 1217 alia
663 1180 889 1231 nymphaea
924 1182 964 1216 in
999 1179 1215 1223 Thessalia,
1253 1191 1369 1215 amne

190 1240 325 1284 Penio,
344 1241 476 1278 radice
497 1240 600 1283 alba,
620 1243 751 1290 capite
770 1239 894 1281 luteo,
914 1252 1024 1275 rosae
1044 1237 1333 1288 magnitudine.

240 1356 252 1375 1
278 1364 381 1395 quam
396 1354 492 1394 vulq„
510 1353 683 1393 Mayhofs:
715 1362 814 1393 quem
831 1352 977 1392 plerique
992 1351 1093 1388 codd„
1110 1350 1281 1391 Detlefsen.

242 1398 254 1416 ²
277 1397 342 1428 levi
359 1407 373 1427 e
389 1396 578 1428 Dioscorida
594 1396 769 1436 illayhoff:
798 1396 832 1426 in
848 1394 950 1432 codd.,
967 1394 1064 1432 vulq„
1081 1393 1253 1434 Detlefsen.

240 1441 252 1459 ³
276 1440 353 1471 lieni
371 1450 443 1480 eqo:
467 1440 517 1470 ita
529 1440 608 1470 lieni
622 1438 792 1479 Mayhoff:
817 1449 856 1469 ea
872 1438 941 1468 alvi
950 1436 1047 1468 malis
1056 1436 1074 1466 I
1078 1447 1174 1474 anus,
1185 1435 1364 1477 Detlefsen:

196 1487 231 1515 et
246 1483 351 1514 alium
367 1483 389 1514 d
405 1483 433 1514 E
450 1482 534 1524 vulq.
552 1495 558 1513 :
588 1482 681 1514 ceteri
697 1481 785 1513 codd.
803 1481 963 1512 omittunt.

238 1675 253 1688 α
276 1670 489 1700 Dioscorides
520 1669 586 1700 III.
619 1669 701 1700 114:
741 1667 913 1708 ἀμβροσία,
941 1667 981 1707 ἣν
1011 1666 1090 1697 ἔνιοι
1124 1666 1251 1706 βότρυν,
1275 1664 1307 1696 οἱ
1336 1665 1370 1696 δὲ

194 1712 381 1753 ἀρτεμισίαν
424 1712 557 1744 καλοῦσι
586 1736 593 1743 .
633 1736 641 1743 .
679 1736 686 1743 .
716 1710 949 1742 καταπλέκεται
997 1708 1031 1740 δὲ
1076 1708 1109 1740 ἐν
1154 1707 1370 1749 Καππαδοκίᾳ

196 1755 376 1789 στεώάνοις.

238 1798 250 1817 ²²
275 1798 488 1829 Dioscorides
516 1796 596 1835 (III.
624 1797 685 1827 132
708 1795 914 1832 lVeHmann)
940 1794 1023 1825 has:
1060 1793 1191 1825 ἀτονίαν
1213 1806 1246 1824 τε
1276 1793 1370 1833 ἐργά-

195 1843 281 1880 ζεται
309 1840 431 1872 αἰδοίου
455 1840 532 1879 πρὸς
561 1838 673 1878 ὀλίγας
700 1838 831 1879 ἡμέρας,
856 1838 885 1868 εἴ
909 1850 957 1870 τις
986 1836 1161 1876 ἐνδελεχῶς
1191 1836 1287 1867 πίνοι.
1336 1836 1371 1866 If

194 1885 262 1915 this
286 1885 312 1914 is
336 1884 395 1914 the
420 1883 502 1914 kind
528 1882 566 1913 of
588 1882 698 1913 Greek
723 1881 802 1912 that
829 1881 927 1920 Pliny
960 1890 1029 1910 was
1063 1879 1280 1920 translating,
1317 1878 1369 1909 his

194 1927 303 1958 words
318 1926 441 1956 should
457 1935 567 1961 mean,
584 1929 646 1955 not
662 1924 755 1955 what
777 1923 794 1954 Ι
814 1923 901 1954 have
922 1923 1060 1953 written
1083 1923 1116 1952 iu
1137 1922 1196 1952 the
1224 1921 1368 1952 transla-

196 1970 279 2006 tion,
305 1969 368 2000 but,
391 1973 479 1998 “are
503 1967 682 2008 incapable
702 1967 740 1998 of
759 1968 967 1997 intercourse
985 1965 1052 1995 and
1079 1965 1294 2004 procreation
1317 1964 1370 1995 for

196 2012 318 2043 twelve
334 2010 454 2052 days.''
480 2011 567 2041 But
579 2021 598 2041 a
612 2019 753 2050 passage
770 2010 803 2040 in
818 2008 949 2040 XXVI.
966 2009 981 2048 ξ
998 2009 1041 2039 94
1053 2007 1162 2038 shows
1179 2007 1258 2038 that
1271 2007 1371 2048 Pliny

197 2086 264 2118 190
