1459 2288
422 159 617 196 PLINY:
662 159 925 196 NATURAL
959 159 1194 197 HISTORY

218 265 351 300 omnia
364 264 617 311 magicasque
634 266 739 297 artes
756 263 831 296 erit
846 263 1018 310 primum
1027 259 1127 296 illud
1140 260 1395 297 Homericum

219 316 340 365 moly,
360 315 453 351 dein
474 314 728 351 Mithridatia
747 327 792 350 ac
811 313 1032 350 scordotis.1
1086 319 1127 350 et
1146 317 1394 351 centaurium

219 375 316 419 potu
351 371 484 405 omnia
517 367 622 404 mala
656 367 951 404 medicamenta
986 369 1111 416 exigit
1145 380 1216 416 per
1249 367 1395 411 alvum,

220 425 446 459 vettonicae
483 434 621 457 semen
657 423 698 457 in
734 420 860 457 mulso
899 426 968 457 aut
1004 434 1132 469 passo,
1170 420 1231 457 vel
1270 419 1397 457 farina

220 475 410 512 drachma
439 477 480 510 in
511 477 590 510 vini
621 477 766 511 veteris
797 473 951 524 cyathis
982 480 1194 523 quattuor3
1239 487 1396 510 vomere

130 535 189 565 128
215 529 384 579 cogendi
401 534 523 577 atque
543 531 690 564 iterum
709 527 859 563 bibere.
913 530 958 563 iis
979 530 1046 576 qui
1066 527 1212 563 cotidie
1230 533 1397 577 gustent

221 596 310 619 eam
324 581 433 618 nulla
446 583 626 618 nocitura
640 580 744 617 mala
758 581 1052 617 medicamenta
1071 580 1248 617 tradunt.
1302 586 1398 630 poto

221 649 375 672 veneno
391 634 641 671 aristolochia
656 635 841 670 subvenit
857 634 999 670 eadem
1014 646 1200 670 mensura
1215 647 1294 683 qua
1308 647 1397 670 con-

220 695 282 726 tra
298 694 518 738 serpentes,
532 686 795 737 quinquefolii
810 700 938 730 sucus,
955 689 1169 737 agaricum,
1185 693 1398 737 postquam

220 745 458 784 vomuerint,
479 742 631 778 denarii
651 741 827 790 pondere
849 753 897 777 ex
920 753 1047 790 aquae
1068 740 1220 777 mulsae
1241 740 1396 791 cyathis

219 797 357 833 tribus.

130 855 190 885 129
268 848 429 885 LXXX.
459 849 709 885 Antirrinum
722 853 885 884 vocatur
898 850 979 884 sive
993 850 1204 897 pararinon
1218 847 1233 870 2
1247 847 1398 897 lychnis

221 905 330 952 agria
349 901 476 939 simile
495 902 589 945 lino,
609 902 741 938 radice
762 901 883 944 nulla,
898 900 993 937 flore
1010 900 1229 950 hyacinthi,
1247 903 1398 937 semine

220 956 334 992 vituli
348 958 514 992 narium.
570 960 611 991 et
625 956 640 978 3
654 954 727 991 hoc
742 960 954 1004 perunctos
968 956 1213 990 venustiores
1228 953 1312 990 fieri
1326 967 1399 990 nec

221 1009 302 1046 ullo
322 1009 427 1045 malo
448 1008 742 1045 medicamento
763 1007 867 1044 laedi
888 1020 1017 1056 posse,
1039 1013 1109 1044 aut
1129 1010 1161 1043 si
1183 1010 1270 1056 quis
1290 1007 1331 1044 id
1358 1010 1399 1044 in

135 1068 195 1099 130
220 1062 432 1100 bracchiali
446 1062 608 1105 habeat,
625 1062 869 1098 arbitrantur
886 1060 1010 1111 Magi.
1067 1060 1252 1097 LXXXI.
1280 1061 1400 1097 simil-

220 1120 296 1153 iter
312 1129 359 1152 ea
375 1129 494 1165 quam
511 1115 686 1164 eupliam
701 1120 844 1151 vocant
859 1114 1106 1163 traduntque
1124 1127 1171 1150 ea
1185 1120 1399 1164 perunctos

220 1169 569 1206 commendatioris
618 1181 703 1205 esse
750 1167 894 1204 famae.
950 1170 1193 1204 artemisiam
1241 1180 1399 1217 quoque

221 1237 356 1260 secum
378 1223 620 1259 habentibus
642 1228 793 1272 negant
815 1234 957 1258 nocere
979 1221 1084 1257 mala
1105 1221 1401 1257 medicamenta

221 1283 291 1314 aut
324 1277 496 1313 bestiam
530 1275 667 1319 ullam,
701 1288 752 1311 ne
786 1275 910 1311 solem
945 1275 1119 1324 quidem.
1174 1275 1325 1311 bibitur
1359 1280 1401 1311 et

220 1330 318 1367 haec
336 1343 385 1366 ex
402 1332 492 1366 vino
510 1329 698 1366 adversus
715 1331 862 1378 opium.
918 1328 1009 1378 alga
1024 1327 1039 1350 4
1055 1330 1241 1377 privatim
1257 1334 1400 1377 potens

220 1384 406 1427 traditur,
424 1389 588 1432 potatur
606 1388 648 1419 et
665 1382 853 1419 adversus
870 1395 998 1418 ranas.

135 1442 191 1474 131
272 1436 479 1473 LXXXII.
510 1435 766 1485 Pericarpum
819 1435 931 1472 bulbi
984 1448 1111 1485 genus
1165 1441 1238 1472 est.
1295 1434 1399 1471 duae

218 1494 302 1527 eius
331 1493 504 1540 species:
548 1492 694 1526 cortice
723 1490 842 1525 rubro
871 1488 1057 1532 alterum,
1084 1488 1255 1525 alterum
1284 1491 1397 1538 nigro

220 1547 408 1594 papaveri
434 1543 576 1587 simile,
604 1543 674 1580 sed
701 1545 757 1579 vis
784 1544 909 1579 maior
935 1555 1055 1591 quam
1081 1544 1214 1591 priori,
1240 1544 1400 1591 utrique

273 1622 283 1641 ¹
308 1621 364 1652 Sic
380 1621 455 1651 dist.
473 1620 636 1660 Maylzoff.

269 1665 282 1683 2
306 1665 487 1705 pararinon
510 1674 540 1700 a,
562 1663 748 1703 Detlessen:
771 1663 954 1694 anarrinon
974 1661 1073 1701 Silliq
1091 1665 1165 1702 post
1187 1661 1403 1692 Hermolaum

226 1708 422 1743 Barbarum,
446 1707 603 1747 Marylzoff
615 1720 621 1739 :
658 1706 929 1747 paranarrhinon
951 1705 1081 1736 Ianus:
1120 1703 1211 1736 varia
1232 1704 1322 1736 codd.
1345 1705 1401 1736 sed

225 1752 407 1782 anarrinon
422 1750 442 1781 I
446 1749 528 1780 mim:
544 1750 739 1780 Plinianus.

267 1795 280 1813 ³
304 1798 339 1825 et
356 1793 513 1834 fllayhoff
523 1796 597 1832 post
615 1792 809 1823 Caesarium
826 1805 832 1824 ε
862 1802 904 1822 ex
921 1791 1010 1823 codd.

268 1837 281 1856 ⁴
305 1837 381 1878 alga
392 1836 554 1876 Dellefsen
567 1849 573 1868 :
591 1835 714 1866 alcima
724 1835 895 1875 Illayhoff:
917 1834 1055 1875 alligata
1068 1834 1149 1874 vulq.
1164 1848 1170 1866 :
1189 1834 1301 1875 algam
1311 1833 1401 1865 codd.

265 1951 279 1966 ‘²
303 1947 364 1978 See
380 1947 524 1987 Odyssey
540 1946 584 1977 X.
602 1947 676 1978 305.

267 1988 279 2008 ¹²
302 1990 363 2022 See
379 1990 392 2028 ξ
411 1991 430 2020 6
451 1989 489 2021 of
503 1990 572 2020 this
592 1989 690 2020 book.
737 1989 808 2020 The
828 1988 994 2020 reference
1014 1998 1093 2028 may
1112 1987 1154 2018 be
1173 1990 1209 2018 to
1228 1987 1287 2018 the
1306 1987 1402 2028 plant

225 2033 441 2065 mithridatia
457 2032 496 2063 of
507 2033 521 2071 ἓ
538 2032 592 2063 62.

223 2096 293 2130 228
