1459 2288
65 380 105 410 36

57 1373 99 1403 38

338 99 532 136 PLINY:
579 100 841 137 NATURAL
874 100 1108 138 HISTORY

134 200 295 250 tisquel
325 203 365 237 in
393 201 474 238 sole
505 201 720 244 avellitur,²
751 207 792 237 et
820 203 915 237 totis
945 203 1172 250 corporibus
1201 216 1310 239 man-

132 273 280 309 gonum
302 262 476 296 maxime
493 259 507 281 3
529 272 622 295 cura
643 259 694 296 ad
714 259 981 309 gracilitatem
1003 260 1310 305 emendandam,

134 320 270 366 spatiis
306 320 363 354 ita
392 317 614 354 laxantium
650 323 784 354 cutem
819 330 891 366 per
926 318 1082 367 singula
1116 320 1310 363 membra,

131 379 416 425 capacioraque
443 377 621 412 ciborum
648 375 831 412 facienda
857 389 1031 425 corpora.
1086 379 1309 425 proximum

131 433 259 470 locum
285 437 443 483 optinet
469 447 490 470 e
516 434 693 471 lentisco.
748 437 852 471 inest
879 436 914 470 ei
940 437 996 470 vis
1023 434 1310 485 adstringendi,

130 498 265 529 movet
300 498 341 529 at
376 498 470 528 ante
505 498 659 529 ceteras
694 495 860 529 urinam.
916 492 1092 542 reliquae
1127 498 1307 530 ventrem

129 550 325 594 molliunt,
356 551 477 587 cruda
511 556 743 594 concocunt,
774 553 914 587 tussim
944 557 1122 587 veterem
1154 552 1310 595 sedant,

131 609 269 645 vulvae
313 622 434 645 onera
477 609 695 645 extrahunt
738 612 859 645 etiarn
902 609 1070 645 suffitae.
1125 612 1308 659 privatim

130 667 392 704 adversantur
412 669 530 711 visco,
552 681 675 717 panos
698 673 740 704 et
761 667 901 703 similia
922 681 1012 704 cum
1034 668 1130 704 sebo
1151 671 1309 705 taurino

131 731 172 762 et
189 725 306 762 melle
325 732 479 762 sanant.
535 726 745 775 palpebras
764 726 972 762 lentiscina
990 726 1308 763 commodissime

129 784 307 833 replicat,
338 783 470 820 fractis
501 797 659 833 quoque
690 784 898 820 utilissima
929 790 970 821 et
1001 785 1160 821 auribus
1191 798 1308 834 puru-

130 842 259 885 lentis,
300 845 396 878 item
422 845 460 878 in
502 845 656 891 pruritu
699 842 947 891 genitalium.
1003 845 1122 891 pinea
1165 847 1306 892 capitis

130 900 357 937 vulneribus
377 903 529 950 optime
548 901 746 937 medetur.

178 959 333 994 XXIII.
364 957 434 994 Pix
467 972 626 1008 quoque
659 959 764 995 unde
796 964 838 995 et
869 959 1011 1008 quibus
1043 959 1304 996 conficeretur

128 1017 253 1053 modis
307 1017 577 1061 indicavimus,
618 1023 658 1054 et
698 1020 780 1054 eius
819 1017 898 1054 duo
936 1030 1098 1067 genera,
1138 1020 1306 1067 spissum

128 1075 413 1125 liquidumque.
506 1079 717 1125 spissarum
796 1075 1004 1112 utilissima
1085 1075 1306 1113 medicinae

127 1134 298 1177 Bruttia,
320 1136 507 1183 quoniam
530 1136 788 1184 pinguissima
812 1140 853 1170 et
874 1136 1158 1170 resinosissima
1180 1140 1304 1171 utras-

127 1205 204 1241 que
243 1193 411 1241 praebet
450 1193 658 1236 utilitates,
697 1194 747 1229 ob
786 1192 826 1229 id
863 1195 990 1242 magis
1029 1192 1148 1229 rutila
1186 1206 1305 1242 quam

126 1256 297 1287 ceterae.
353 1251 392 1287 id
418 1254 522 1287 enim
549 1251 654 1301 quod
679 1254 718 1287 in
742 1251 815 1287 hoc
841 1251 1030 1294 adiciunt,
1056 1264 1105 1287 ex
1129 1251 1305 1288 mascula

127 1310 265 1345 arbore
295 1309 498 1346 meliorem
530 1323 629 1353 esse,
660 1323 739 1346 non
769 1310 937 1346 arbitror
965 1322 1080 1359 posse
1110 1309 1304 1360 intellegi.

126 1370 221 1417 picis
242 1374 385 1404 natura
411 1367 634 1411 excalfacit,
656 1368 805 1417 explet.
865 1368 1098 1404 adversatur
1121 1370 1304 1417 privatim

125 1432 303 1462 cerastae
339 1428 531 1463 morsibus
562 1440 651 1463 cum
680 1426 857 1476 polenta,
887 1429 984 1463 item
1015 1429 1185 1476 anginae
1215 1439 1303 1463 cum

179 1522 187 1540 ¹
213 1523 452 1563 spatiatisquc]
468 1523 693 1563 spasticisque
711 1522 879 1563 Mayhoff3
906 1522 961 1553 sed
976 1521 1047 1553 vide
1070 1522 1157 1562 infra
1173 1523 1302 1562 spatiis.

175 1566 187 1584 2
212 1565 371 1596 avellitur
394 1565 506 1606 plures
531 1566 631 1601 codd„
656 1565 842 1607 Detlessen:
874 1565 1024 1596 abluitur
1050 1565 1212 1606 Mayhoff,
1244 1565 1301 1606 qui

132 1608 164 1637 in
181 1608 250 1639 sole
267 1608 417 1638 abluitur
433 1608 469 1638 in
486 1608 670 1648 parenthesi
685 1609 791 1649 ponit.

173 1651 186 1669 ³
211 1652 373 1692 maxime]
391 1652 448 1682 An
465 1652 642 1683 maxima?

169 1782 182 1796 ‘¹
206 1778 388 1831 Mayhoff's
403 1781 479 1810 text
493 1791 499 1809 :
527 1778 547 1791 “
563 1779 631 1809 and
648 1778 700 1809 for
715 1779 922 1819 cramps—it
937 1779 964 1809 is
981 1777 1116 1809 washed
1132 1777 1180 1809 off
1195 1778 1228 1808 in
1245 1777 1302 1809 the

123 1832 275 1894 surg—For
293 1864 450 1903 privatim
469 1874 523 1894 sec
540 1868 621 1895 note
639 1865 655 1895 b
674 1864 805 1895 XXIV.
824 1865 876 1899 28,
895 1873 927 1903 p.
946 1865 998 1895 24.

168 1912 178 1925 ⁶
202 1906 262 1938 See
280 1907 374 1937 XIV.
393 1908 407 1946 ξ
428 1908 487 1937 127
505 1907 587 1943 foll„
605 1907 674 1938 and
692 1907 785 1938 XVI.
804 1908 818 1947 ξ
836 1907 876 1938 52
893 1906 964 1938 foll.

166 1948 180 1967 ‘¹
204 1950 294 1981 That
309 1950 348 1987 is,
366 1949 405 1980 of
416 1951 504 1980 resin
521 1950 590 1980 and
607 1950 646 1981 of
657 1950 762 1990 pitch.

126 2021 175 2060 30
