1459 2288
133 491 172 522 97

133 811 173 841 98

133 1237 173 1267 99

402 171 596 208 PLINY:
642 171 906 208 NATURAL
940 170 1177 209 HISTORY

201 277 403 310 cacumine
455 277 493 309 in
546 274 695 322 siliquis
740 277 872 310 ciceris
919 274 1048 317 modo,
1094 274 1205 310 radix
1251 287 1345 323 rapo
1362 274 1375 296 1

202 327 350 370 similis,
395 326 569 376 grandis,
614 329 738 376 nigra.
793 329 967 363 nascitur
1010 329 1050 363 in
1096 330 1209 364 arvis.
1264 327 1375 364 radix

202 380 434 417 adversatur
464 380 673 416 omnibus2
696 383 942 429 serpentium
971 380 1183 429 generibus
1213 393 1263 416 ex
1287 383 1377 417 vino

202 440 311 483 pota,
325 446 397 469 nec
411 433 488 469 alia
500 446 561 469 res
575 433 740 469 celerius
755 433 920 482 proficit.
956 433 1075 469 datur
1089 439 1131 470 et
1142 433 1373 470 ischiadicis.

249 486 438 522 LXXIII.
470 486 669 536 Lycapsos
685 486 924 535 longioribus
942 499 1062 535 quam
1078 486 1255 523 lactucae
1272 486 1375 523 foliis

202 540 547 589 crassioribusque,
560 539 671 576 caule
687 539 819 589 longo,
832 539 990 576 hirsutis
1003 539 1019 562 3
1032 539 1216 589 adgnatis
1228 539 1377 583 multis,

202 593 452 636 cubitalibus,
506 592 600 629 flore
654 606 787 642 parvo,
836 606 1046 642 purpureo.
1111 596 1286 630 nascitur
1336 596 1376 629 in

202 646 501 695 campestribus.
556 646 734 683 inlinitur
765 659 854 682 cum
886 645 1013 682 farina
1043 645 1265 683 hordeacea
1295 648 1377 695 igni

202 713 324 743 sacro,
348 699 510 736 sudores
534 702 575 736 in
599 698 774 736 febribus
798 705 934 736 movet
957 712 1050 736 suco
1073 712 1202 749 aquae
1226 699 1376 736 calidae

202 753 392 790 admixto.

250 805 431 842 LXXIV.
463 806 573 842 Inter
593 819 729 842 omnes
750 805 892 842 herbas
912 805 1170 855 lithospermo
1196 805 1293 842 nihil
1317 811 1378 842 est

200 859 429 896 mirabilius.
484 859 604 909 aliqui
622 858 856 909 exonychon
873 865 1028 902 vocant,
1045 859 1109 895 alii
1126 859 1222 895 Dios
1238 872 1377 908 pyron,

201 912 266 949 alii
287 912 515 949 Heracleus.
571 912 695 949 herba
716 912 996 962 quincuncialis
1018 911 1114 955 fere,
1135 911 1237 948 foliis
1257 912 1378 961 duplo

201 967 413 1002 maioribus
430 979 549 1015 quam
563 972 692 1009 rutae,
707 965 868 1002 ramulis
883 965 1104 1009 sumulosis,
1118 965 1377 1002 crassitudine

201 1022 316 1056 iunci.
371 1022 475 1069 gerit
503 1022 617 1056 iuxta
645 1018 739 1055 folia
767 1019 940 1068 singulas
971 1019 1093 1055 veluti
1121 1018 1306 1055 barbulas
1336 1025 1378 1055 et

201 1076 241 1109 in
261 1086 397 1109 earum
417 1073 685 1109 cacuminibus
704 1072 856 1121 lapillos
877 1072 1047 1108 candore
1068 1078 1110 1109 et
1128 1072 1377 1109 rotunditate

201 1129 520 1175 margaritarum,
567 1125 845 1175 magnitudine
893 1128 1040 1169 ciceris,
1089 1125 1236 1162 duritia
1285 1138 1378 1161 vero

202 1179 370 1229 lapidea.
425 1183 494 1229 ipsi
532 1192 611 1228 qua
644 1179 834 1228 pediculis
869 1178 1115 1215 adhaereant
1148 1178 1378 1215 cavernulas

198 1232 350 1269 habent
382 1238 423 1269 et
455 1236 561 1269 intus
593 1245 741 1269 semen.
796 1235 970 1268 nascitur
1001 1238 1043 1268 et
1073 1234 1112 1268 in
1145 1231 1275 1275 Italia,
1307 1231 1377 1268 sed

202 1286 518 1322 laudatissimum
543 1289 583 1322 in
611 1285 743 1328 Creta,
770 1299 842 1322 nec
869 1288 1081 1335 quicquam
1105 1288 1210 1322 inter
1235 1285 1377 1321 herbas

203 1342 350 1376 maiore
378 1339 564 1388 equidem
591 1339 779 1375 miraculo
806 1341 954 1387 aspexi.
1008 1344 1145 1375 tantus
1173 1344 1235 1375 est
1261 1338 1378 1374 decor

203 1392 312 1429 velut
332 1392 535 1429 aurificum
556 1398 641 1429 arte
662 1392 823 1428 alternis
843 1395 947 1428 inter
967 1391 1061 1428 folia
1079 1391 1378 1428 candicantibus

202 1448 439 1495 margaritis,
461 1452 546 1482 tam
569 1448 767 1495 exquisita
788 1445 997 1482 difficultas
1020 1445 1160 1494 lapidis
1183 1457 1233 1481 ex
1255 1444 1379 1481 herba

205 1502 415 1536 nascentis.
470 1502 598 1535 iacere
650 1505 772 1548 atque
823 1498 932 1535 humi
984 1511 1142 1547 serpere
1193 1504 1375 1535 auctores

202 1553 389 1595 tradunt3
448 1565 522 1602 ego
566 1552 728 1595 volsam,
772 1565 850 1588 non
893 1551 1128 1588 haerentem
1172 1551 1263 1587 vidi.
1317 1551 1376 1587 his

208 1675 239 1706 D
254 1632 371 1705 llrapo
393 1643 408 1663 r
431 1632 594 1669 Gelenius,
617 1632 792 1672 Mayhoff:
827 1642 910 1672 rapa
932 1631 983 1663 E:
1020 1641 1110 1672 napo
1131 1631 1255 1671 aliquot
1275 1619 1377 1667 codd„

241 1679 268 1706 et
281 1686 296 1705 e
313 1686 380 1706 sen.

252 1719 263 1736 ²
287 1675 444 1749 osmnibus
468 1717 624 1757 Mayhoff
635 1730 642 1748 :
680 1718 832 1749 omnium
855 1716 958 1753 codd„
980 1716 1155 1756 Dedefsen.
1202 1716 1270 1755 qu
1292 1716 1376 1748 coni.

208 1762 359 1792 omnium
379 1761 586 1801 serpentium
605 1760 739 1791 ictibus.

252 1805 264 1822 ³
289 1803 383 1834 caule
399 1803 508 1844 longo,
525 1803 664 1834 hirsutis
679 1813 734 1842 eqo
749 1815 755 1834 z
787 1802 916 1834 caulem
933 1802 1071 1843 longum
1087 1801 1257 1833 hirsutum
1272 1801 1378 1832 habet

207 1846 392 1920 Detlesserlzti:
425 1846 512 1877 cauli
528 1845 628 1886 longo
645 1845 784 1876 hirsutis
801 1845 958 1885 Mayhoff
969 1857 976 1876 :
1009 1844 1138 1876 caulem
1156 1844 1295 1885 longum
1312 1845 1376 1875 hir-

208 1894 293 1920 sutis
309 1900 355 1920 coc
391 1914 398 1921 .

247 2015 261 2028 ¹²
284 2009 497 2040 Dioscorides
529 2008 598 2047 (ΠΙ
630 2008 709 2047 96):
745 2008 915 2049 μασχάλας
940 2007 1091 2041 πλείστας
1121 2006 1171 2047 ἐφ’
1199 2006 1243 2040 ὧν
1270 2007 1377 2047 ἄκρων

202 2052 293 2093 λοβοὶ
309 2053 412 2092 ὅμοιοι
431 2051 616 2092 ἐρεβίνθοις.
664 2051 780 2082 Hence
797 2061 855 2091 my
871 2050 1050 2091 rendering
1066 2050 1105 2081 of
1116 2050 1199 2082 alae.

201 2106 272 2151 448
