1459 2288
122 447 181 477 106

122 713 180 743 107

125 1246 184 1277 108

410 178 604 214 PLINY:
651 179 914 216 NATURAL
948 178 1185 216 HISTORY

210 284 398 331 axungia,
433 295 618 318 amomon
651 295 745 318 suco
777 281 959 325 decocto,
991 285 1091 319 item
1123 282 1387 319 centunculus

210 335 377 372 decocta
401 335 464 371 vel
487 348 645 371 muscus
669 348 808 371 recens
833 348 883 372 ex
908 348 1013 385 aqua
1036 335 1236 386 obligatus
1260 336 1388 372 donec

210 391 422 431 inarescat,
454 391 553 424 item
584 388 729 437 lappae
761 389 922 425 boariae
954 388 1067 425 radix
1101 402 1122 425 e
1154 391 1246 425 vino
1277 395 1385 438 pota.

207 441 447 491 cyclaminos
494 441 662 478 decocta
707 444 747 477 in
794 455 899 491 aqua
944 442 1224 491 perniunculos
1275 448 1388 479 curat

210 497 423 544 omniaque
439 494 516 531 alia
529 494 684 545 frigoris
700 497 810 538 vitia,
824 495 1103 544 perniunculos
1119 501 1161 532 et
1175 494 1388 546 cotyledon

210 561 301 584 cum
334 551 523 597 axungia,
557 547 653 584 folia
687 561 736 584 ex
770 547 991 591 batrachio,
1027 548 1224 598 epithymi
1258 561 1385 585 sucus.

210 601 340 638 clavos
389 601 539 651 pedum
588 601 765 638 extrahit
815 601 1003 638 ladanum
1053 615 1143 638 cum
1192 608 1387 645 castoreo,

211 655 435 692 verbenaca
455 668 505 691 ex
524 658 627 691 vino.

260 708 426 744 LXVII.
458 708 573 744 Nunc
614 711 786 758 peractis
828 708 941 744 malis
984 721 1087 758 quae
1128 709 1386 745 membratim

211 764 441 798 sentiuntur
480 762 658 798 dicemus
699 762 750 798 de
790 764 836 798 iis
877 775 981 811 quae
1022 764 1118 798 totis
1159 762 1388 811 corporibus

210 821 455 865 grassantur.
511 815 691 852 remedia
735 820 873 851 autem
916 814 1016 851 haec
1060 817 1288 851 communia
1330 817 1387 851 in-

211 871 349 905 venio:
378 874 474 905 ante
507 868 676 905 omnes1
710 868 962 917 potandam²
995 868 1306 911 dodecatheum,
1338 868 1389 904 de

213 935 292 971 qua
336 922 524 966 diximus,
570 921 717 958 deinde
763 924 924 971 panacis
971 924 1148 958 omnium
1193 934 1389 971 generum

211 975 379 1018 radices,
420 975 676 1024 peculiariter
715 975 942 1025 longinquis
982 975 1129 1012 morbis
1171 981 1214 1012 et
1251 987 1389 1011 semen

211 1031 512 1065 interaneorum
536 1031 656 1072 vitiis,
681 1028 732 1064 ad
757 1041 894 1065 omnes
919 1041 1013 1065 vero
1037 1028 1193 1065 dolores
1218 1031 1389 1078 corporis

212 1095 349 1118 sucum
373 1095 393 1118 e
415 1081 582 1125 scordio,
603 1084 703 1118 item
724 1085 954 1118 vettonicae
976 1094 1079 1131 quae
1101 1087 1198 1131 pota
1218 1081 1390 1118 colorem

212 1135 446 1184 plumbeum
487 1138 659 1184 corporis
700 1138 886 1184 privatim
927 1135 1132 1178 emendat,
1172 1137 1390 1185 gratiorem

212 1189 380 1225 reducit.

269 1241 458 1278 LXVIII.
489 1242 691 1278 Geranion
729 1241 850 1291 aliqui
886 1244 1050 1292 myrfin,
1087 1241 1153 1278 alii
1188 1241 1391 1291 myrtidan

214 1295 432 1344 appellant.
487 1295 624 1332 similis
647 1301 709 1332 est
731 1298 900 1338 cicutae,
922 1295 1202 1331 minutioribus
1225 1294 1327 1331 foliis
1350 1300 1391 1331 et

213 1348 325 1385 caule
360 1349 530 1392 brevior,
565 1348 752 1392 rotunda,
788 1351 938 1398 saporis
974 1354 1017 1385 et
1051 1348 1181 1385 odoris
1215 1347 1389 1385 iucundi.

262 1426 272 1444 ¹
298 1429 377 1456 ante
397 1436 513 1456 omnes
532 1425 634 1462 codd„
654 1425 839 1465 DelIef-sen:
874 1428 959 1466 aput
978 1428 1134 1456 auctores
1153 1424 1195 1455 Μ
1196 1424 1316 1465 ayhoff,
1335 1425 1392 1465 qui

215 1468 317 1499 multa
332 1468 460 1498 similia
476 1468 552 1499 citat
569 1478 606 1499 ex
621 1468 746 1504 Plinio,
765 1472 792 1499 et
807 1467 900 1498 colon
913 1471 987 1507 post
1002 1469 1139 1498 invenio
1155 1478 1217 1498 om.

259 1512 271 1530 ²
294 1511 484 1551 potandam
523 1511 641 1547 Hard.‚
680 1511 747 1542 cod.
787 1510 878 1547 Dal„
918 1510 1083 1551 Detlefsen
1098 1523 1104 1541 :
1158 1510 1311 1551 potanda
1349 1510 1390 1547 E,

216 1553 390 1594 Mayhoff:
422 1558 541 1595 potam
558 1558 614 1584 aut
631 1557 717 1594 potu
733 1553 829 1584 multi
846 1553 935 1585 codd.

245 1667 259 1681 ⁰
282 1663 389 1694 There
414 1673 470 1694 are
493 1673 513 1693 a
537 1663 601 1693 few
621 1662 850 1704 peculiarities
874 1663 909 1693 in
933 1662 1002 1693 this
1026 1666 1105 1703 part
1128 1662 1167 1693 of
1186 1661 1287 1703 Pliny
1311 1661 1391 1693 that

200 1705 322 1737 should
341 1706 382 1737 be
401 1705 610 1742 mentioned,
631 1705 797 1746 although
816 1715 860 1736 no
880 1705 1104 1746 explanation
1125 1707 1261 1746 (except
1279 1705 1389 1744 haste)

200 1752 353 1790 suggests
372 1748 474 1780 itself.
523 1748 584 1779 We
603 1748 691 1779 have
710 1748 770 1779 the
789 1748 944 1779 formless
963 1751 1135 1779 structure
1154 1747 1193 1779 of
1208 1749 1222 1786 §
1240 1749 1313 1784 105,
1332 1748 1392 1778 the

200 1792 383 1832 repetition
411 1791 449 1822 of
468 1791 722 1832 perniumulwsx,
750 1791 818 1822 and
844 1792 889 1822 its
918 1790 1148 1831 (apparently)
1176 1790 1245 1821 sole
1272 1801 1331 1821 use
1356 1791 1391 1821 in

200 1835 270 1865 this
286 1835 427 1865 section.

243 1875 256 1896 ¹²
279 1877 374 1908 With
393 1876 578 1918 Mayhoff's
600 1876 740 1917 reading
756 1889 762 1907 :
799 1876 818 1888 ‘⁴
833 1876 851 1907 I
870 1876 942 1906 find
961 1877 994 1906 in
1014 1886 1073 1916 my
1093 1876 1295 1907 authorities
1313 1876 1392 1907 that

199 1920 259 1951 the
281 1919 452 1960 following
474 1919 597 1950 should
620 1919 661 1950 be
682 1919 787 1950 taken
810 1920 844 1949 in
867 1918 1002 1950 drink.’'
1049 1919 1121 1949 The
1141 1918 1257 1950 deinde
1278 1918 1316 1950 of
1332 1919 1391 1949 the

201 1967 284 1993 next
315 1962 426 1993 clause
455 1966 609 2003 suggests
637 1962 716 1993 that
743 1962 802 1992 the
831 1961 925 1993 MSS.
955 1961 1095 2002 reading
1123 1965 1197 1992 ant-e
1224 1971 1334 1992 omnes
1362 1962 1390 1992 is

201 2009 341 2042 correct,
362 2005 430 2036 and
449 2005 509 2036 the
528 2005 654 2046 gender
673 2004 711 2035 of
724 2004 905 2044 potandam
925 2005 952 2035 is
971 2004 1151 2044 explained
1172 2004 1218 2045 by
1238 2004 1296 2035 the
1319 2004 1391 2035 fact

201 2048 279 2079 that
299 2047 527 2079 dodecatheum
546 2049 574 2078 is
594 2058 615 2078 a
635 2047 740 2078 herba.

215 2122 286 2157 344
