<?xml version="1.0" encoding="UTF-8"?>
<!DOCTYPE html PUBLIC "-//W3C//DTD XHTML 1.0 Transitional//EN"
    "http://www.w3.org/TR/xhtml1/DTD/xhtml1-transitional.dtd">
<html xmlns="http://www.w3.org/1999/xhtml" xml:lang="en" lang="en">
 <head>
  <title>
</title>
<meta http-equiv="Content-Type" content="text/html;charset=utf-8" />
  <meta name='ocr-system' content='tesseract 3.04.00' />
  <meta name='ocr-capabilities' content='ocr_page ocr_carea ocr_par ocr_line ocrx_word'/>
</head>
<body>
  <div class='ocr_page' id='page_1' title='image "./naturalhistory07plinuoft_0460.png"; bbox 0 0 1459 2288; ppageno 0'>
   <div class='ocr_carea' id='block_1_1' title="bbox 370 122 1144 161">
    <p class='ocr_par' dir='ltr' id='par_1_1' title="bbox 370 122 1144 161">
     <span class='ocr_line' id='line_1_1' title="bbox 370 122 1144 161; baseline -0.003 0"><span class='ocrx_word' id='word_1_1' title='bbox 370 123 565 161; x_wconf 79' lang='lat' dir='ltr'>PLINY:</span> <span class='ocrx_word' id='word_1_2' title='bbox 611 123 874 161; x_wconf 88' lang='lat' dir='ltr'>NATURAL</span> <span class='ocrx_word' id='word_1_3' title='bbox 908 122 1144 160; x_wconf 87' lang='lat' dir='ltr'>HISTORY</span> 
     </span>
    </p>
   </div>
   <div class='ocr_carea' id='block_1_2' title="bbox 105 226 1354 1610">
    <p class='ocr_par' dir='ltr' id='par_1_2' title="bbox 171 226 1347 436">
     <span class='ocr_line' id='line_1_2' title="bbox 173 226 1347 279; baseline -0.003 -13"><span class='ocrx_word' id='word_1_4' title='bbox 173 243 274 279; x_wconf 91' lang='lat' dir='ltr'>quae</span> <span class='ocrx_word' id='word_1_5' title='bbox 321 231 504 265; x_wconf 78' lang='lat' dir='ltr'>universo</span> <span class='ocrx_word' id='word_1_6' title='bbox 549 231 703 277; x_wconf 88' lang='lat' dir='ltr'>impetu</span> <span class='ocrx_word' id='word_1_7' title='bbox 749 227 907 264; x_wconf 78' lang='lat' dir='ltr'>cadant.</span> <span class='ocrx_word' id='word_1_8' title='bbox 963 226 1053 263; x_wconf 89' lang='lat' dir='ltr'>hinc</span> <span class='ocrx_word' id='word_1_9' title='bbox 1098 232 1347 276; x_wconf 85' lang='lat' dir='ltr'>temperatur</span> 
     </span>
     <span class='ocr_line' id='line_1_3' title="bbox 171 279 1347 332; baseline -0.003 -13"><span class='ocrx_word' id='word_1_10' title='bbox 171 283 377 332; x_wconf 68' lang='lat' dir='ltr'>collyrium</span> <span class='ocrx_word' id='word_1_11' title='bbox 414 281 519 330; x_wconf 94' lang='lat' dir='ltr'>quod</span> <span class='ocrx_word' id='word_1_12' title='bbox 555 280 699 317; x_wconf 87' lang='lat' dir='ltr'>medici</span> <span class='ocrx_word' id='word_1_13' title='bbox 734 280 801 317; x_wconf 89' lang='lat' dir='ltr'>dia</span> <span class='ocrx_word' id='word_1_14' title='bbox 834 280 992 330; x_wconf 88' lang='lat' dir='ltr'>glauciu</span> <span class='ocrx_word' id='word_1_15' title='bbox 1027 285 1181 316; x_wconf 83' lang='lat' dir='ltr'>vocant.</span> <span class='ocrx_word' id='word_1_16' title='bbox 1235 279 1347 316; x_wconf 90' lang='lat' dir='ltr'>lactis</span> 
     </span>
     <span class='ocr_line' id='line_1_4' title="bbox 173 335 1342 385; baseline -0.003 -13"><span class='ocrx_word' id='word_1_17' title='bbox 173 349 330 385; x_wconf 89' lang='lat' dir='ltr'>quoque</span> <span class='ocrx_word' id='word_1_18' title='bbox 387 335 547 371; x_wconf 88' lang='lat' dir='ltr'>ubertas</span> <span class='ocrx_word' id='word_1_19' title='bbox 602 337 827 370; x_wconf 86' lang='lat' dir='ltr'>intermissa</span> <span class='ocrx_word' id='word_1_20' title='bbox 880 335 1116 370; x_wconf 77' lang='lat' dir='ltr'>restituitur.</span> <span class='ocrx_word' id='word_1_21' title='bbox 1171 336 1342 370; x_wconf 78' lang='lat' dir='ltr'>sumitur</span> 
     </span>
     <span class='ocr_line' id='line_1_5' title="bbox 172 389 700 436; baseline -0.006 -10"><span class='ocrx_word' id='word_1_22' title='bbox 172 389 286 426; x_wconf 90' lang='lat' dir='ltr'>huius</span> <span class='ocrx_word' id='word_1_23' title='bbox 305 391 362 425; x_wconf 89' lang='lat' dir='ltr'>rei</span> <span class='ocrx_word' id='word_1_24' title='bbox 380 401 498 424; x_wconf 88' lang='lat' dir='ltr'>causa</span> <span class='ocrx_word' id='word_1_25' title='bbox 517 401 565 424; x_wconf 81' lang='lat' dir='ltr'>ex</span> <span class='ocrx_word' id='word_1_26' title='bbox 585 400 700 436; x_wconf 89' lang='lat' dir='ltr'>aqua.</span> 
     </span>
    </p>

    <p class='ocr_par' dir='ltr' id='par_1_3' title="bbox 105 440 1349 703">
     <span class='ocr_line' id='line_1_6' title="bbox 105 440 1348 491; baseline -0.002 -14"><span class='ocrx_word' id='word_1_27' title='bbox 105 447 146 477; x_wconf 84' lang='lat'>84</span> <span class='ocrx_word' id='word_1_28' title='bbox 224 441 307 478; x_wconf 93' lang='lat' dir='ltr'>LX.</span> <span class='ocrx_word' id='word_1_29' title='bbox 338 440 566 491; x_wconf 69' lang='lat' dir='ltr'>Glycyside,</span> <span class='ocrx_word' id='word_1_30' title='bbox 583 454 703 490; x_wconf 90' lang='lat' dir='ltr'>quam</span> <span class='ocrx_word' id='word_1_31' title='bbox 718 440 838 489; x_wconf 85' lang='lat' dir='ltr'>aliqui</span> <span class='ocrx_word' id='word_1_32' title='bbox 854 442 1064 489; x_wconf 81' lang='lat' dir='ltr'>paeoniam</span> <span class='ocrx_word' id='word_1_33' title='bbox 1080 445 1150 476; x_wconf 87' lang='lat' dir='ltr'>aut</span> <span class='ocrx_word' id='word_1_34' title='bbox 1164 444 1348 488; x_wconf 84' lang='lat' dir='ltr'>pentoro-</span> 
     </span>
     <span class='ocr_line' id='line_1_7' title="bbox 173 492 1348 542; baseline -0.003 -11"><span class='ocrx_word' id='word_1_35' title='bbox 173 496 250 532; x_wconf 91' lang='lat' dir='ltr'>bon</span> <span class='ocrx_word' id='word_1_36' title='bbox 278 501 433 537; x_wconf 75' lang='lat' dir='ltr'>vocant,</span> <span class='ocrx_word' id='word_1_37' title='bbox 460 494 613 530; x_wconf 84' lang='lat' dir='ltr'>caulem</span> <span class='ocrx_word' id='word_1_38' title='bbox 639 493 763 530; x_wconf 86' lang='lat' dir='ltr'>habet</span> <span class='ocrx_word' id='word_1_39' title='bbox 796 493 920 530; x_wconf 91' lang='lat' dir='ltr'>duum</span> <span class='ocrx_word' id='word_1_40' title='bbox 953 492 1205 542; x_wconf 82' lang='lat' dir='ltr'>palmorum,l</span> <span class='ocrx_word' id='word_1_41' title='bbox 1231 494 1348 528; x_wconf 88' lang='lat' dir='ltr'>comi-</span> 
     </span>
     <span class='ocr_line' id='line_1_8' title="bbox 173 545 1348 590; baseline -0.003 -6"><span class='ocrx_word' id='word_1_42' title='bbox 173 549 350 585; x_wconf 87' lang='lat' dir='ltr'>tantibus</span> <span class='ocrx_word' id='word_1_43' title='bbox 380 547 534 584; x_wconf 86' lang='lat' dir='ltr'>duobus</span> <span class='ocrx_word' id='word_1_44' title='bbox 565 553 635 583; x_wconf 90' lang='lat' dir='ltr'>aut</span> <span class='ocrx_word' id='word_1_45' title='bbox 664 547 803 590; x_wconf 82' lang='lat' dir='ltr'>tribus,</span> <span class='ocrx_word' id='word_1_46' title='bbox 833 545 1085 589; x_wconf 84' lang='lat' dir='ltr'>subrutilum,</span> <span class='ocrx_word' id='word_1_47' title='bbox 1115 551 1206 582; x_wconf 90' lang='lat' dir='ltr'>cute</span> <span class='ocrx_word' id='word_1_48' title='bbox 1235 545 1348 589; x_wconf 88' lang='lat' dir='ltr'>lauri,</span> 
     </span>
     <span class='ocr_line' id='line_1_9' title="bbox 173 599 1349 650; baseline -0.003 -13"><span class='ocrx_word' id='word_1_49' title='bbox 173 601 266 638; x_wconf 87' lang='lat' dir='ltr'>folia</span> <span class='ocrx_word' id='word_1_50' title='bbox 284 601 416 650; x_wconf 88' lang='lat' dir='ltr'>qualia</span> <span class='ocrx_word' id='word_1_51' title='bbox 432 603 555 644; x_wconf 87' lang='lat' dir='ltr'>isatis,</span> <span class='ocrx_word' id='word_1_52' title='bbox 573 603 781 650; x_wconf 84' lang='lat' dir='ltr'>pinguiora</span> <span class='ocrx_word' id='word_1_53' title='bbox 797 599 1108 648; x_wconf 78' lang='lat' dir='ltr'>rotundioraque</span> <span class='ocrx_word' id='word_1_54' title='bbox 1127 605 1169 635; x_wconf 88' lang='lat' dir='ltr'>et</span> <span class='ocrx_word' id='word_1_55' title='bbox 1184 601 1349 642; x_wconf 86' lang='lat' dir='ltr'>minora,</span> 
     </span>
     <span class='ocr_line' id='line_1_10' title="bbox 173 651 1348 703; baseline -0.003 -11"><span class='ocrx_word' id='word_1_56' title='bbox 173 668 310 692; x_wconf 88' lang='lat' dir='ltr'>semen</span> <span class='ocrx_word' id='word_1_57' title='bbox 336 657 376 690; x_wconf 92' lang='lat' dir='ltr'>in</span> <span class='ocrx_word' id='word_1_58' title='bbox 404 654 567 703; x_wconf 82' lang='lat' dir='ltr'>siliquis,</span> <span class='ocrx_word' id='word_1_59' title='bbox 595 653 702 690; x_wconf 87' lang='lat' dir='ltr'>aliud</span> <span class='ocrx_word' id='word_1_60' title='bbox 728 666 852 703; x_wconf 84' lang='lat' dir='ltr'>grano</span> <span class='ocrx_word' id='word_1_61' title='bbox 878 653 1063 696; x_wconf 87' lang='lat' dir='ltr'>rubente,</span> <span class='ocrx_word' id='word_1_62' title='bbox 1091 651 1197 688; x_wconf 89' lang='lat' dir='ltr'>aliud</span> <span class='ocrx_word' id='word_1_63' title='bbox 1224 654 1348 702; x_wconf 85' lang='lat' dir='ltr'>nigro.</span> 
     </span>
    </p>

    <p class='ocr_par' dir='ltr' id='par_1_4' title="bbox 106 706 1354 1224">
     <span class='ocr_line' id='line_1_11' title="bbox 106 706 1349 757; baseline -0.001 -15"><span class='ocrx_word' id='word_1_64' title='bbox 106 713 146 744; x_wconf 87' lang='lat'>85</span> <span class='ocrx_word' id='word_1_65' title='bbox 172 708 250 745; x_wconf 92' lang='lat' dir='ltr'>duo</span> <span class='ocrx_word' id='word_1_66' title='bbox 279 714 415 744; x_wconf 90' lang='lat' dir='ltr'>autem</span> <span class='ocrx_word' id='word_1_67' title='bbox 444 720 593 757; x_wconf 86' lang='lat' dir='ltr'>genera</span> <span class='ocrx_word' id='word_1_68' title='bbox 621 712 736 743; x_wconf 88' lang='lat' dir='ltr'>sunt:</span> <span class='ocrx_word' id='word_1_69' title='bbox 782 706 932 743; x_wconf 87' lang='lat' dir='ltr'>femina</span> <span class='ocrx_word' id='word_1_70' title='bbox 961 708 1212 742; x_wconf 83' lang='lat' dir='ltr'>existimatur</span> <span class='ocrx_word' id='word_1_71' title='bbox 1240 708 1349 741; x_wconf 89' lang='lat' dir='ltr'>cuius</span> 
     </span>
     <span class='ocr_line' id='line_1_12' title="bbox 174 759 1349 810; baseline -0.003 -12"><span class='ocrx_word' id='word_1_72' title='bbox 174 761 369 798; x_wconf 84' lang='lat' dir='ltr'>radicibus</span> <span class='ocrx_word' id='word_1_73' title='bbox 398 774 471 797; x_wconf 94' lang='lat' dir='ltr'>ceu</span> <span class='ocrx_word' id='word_1_74' title='bbox 499 760 631 797; x_wconf 89' lang='lat' dir='ltr'>balani</span> <span class='ocrx_word' id='word_1_75' title='bbox 659 759 854 810; x_wconf 82' lang='lat' dir='ltr'>longiores</span> <span class='ocrx_word' id='word_1_76' title='bbox 883 762 1038 796; x_wconf 76' lang='lat' dir='ltr'>circiter</span> <span class='ocrx_word' id='word_1_77' title='bbox 1066 765 1155 796; x_wconf 88' lang='lat' dir='ltr'>octo</span> <span class='ocrx_word' id='word_1_78' title='bbox 1184 764 1254 796; x_wconf 86' lang='lat' dir='ltr'>aut</span> <span class='ocrx_word' id='word_1_79' title='bbox 1281 771 1349 795; x_wconf 83' lang='lat' dir='ltr'>sex</span> 
     </span>
     <span class='ocr_line' id='line_1_13' title="bbox 174 812 1352 863; baseline -0.003 -12"><span class='ocrx_word' id='word_1_80' title='bbox 174 814 407 851; x_wconf 77' lang='lat' dir='ltr'>adhaerent.</span> <span class='ocrx_word' id='word_1_81' title='bbox 462 827 546 850; x_wconf 87' lang='lat' dir='ltr'>mas</span> <span class='ocrx_word' id='word_1_82' title='bbox 584 813 716 863; x_wconf 90' lang='lat' dir='ltr'>plures</span> <span class='ocrx_word' id='word_1_83' title='bbox 755 826 834 849; x_wconf 91' lang='lat' dir='ltr'>non</span> <span class='ocrx_word' id='word_1_84' title='bbox 870 812 1008 856; x_wconf 82' lang='lat' dir='ltr'>habet,</span> <span class='ocrx_word' id='word_1_85' title='bbox 1048 815 1235 861; x_wconf 89' lang='lat' dir='ltr'>quoniam</span> <span class='ocrx_word' id='word_1_86' title='bbox 1272 825 1352 848; x_wconf 91' lang='lat' dir='ltr'>una</span> 
     </span>
     <span class='ocr_line' id='line_1_14' title="bbox 175 865 1350 916; baseline -0.003 -12"><span class='ocrx_word' id='word_1_87' title='bbox 175 868 305 904; x_wconf 89' lang='lat' dir='ltr'>radice</span> <span class='ocrx_word' id='word_1_88' title='bbox 345 871 458 903; x_wconf 84' lang='lat' dir='ltr'>nixus</span> <span class='ocrx_word' id='word_1_89' title='bbox 500 874 559 903; x_wconf 87' lang='lat' dir='ltr'>est</span> <span class='ocrx_word' id='word_1_90' title='bbox 599 866 719 916; x_wconf 85' lang='lat' dir='ltr'>palmi</span> <span class='ocrx_word' id='word_1_91' title='bbox 759 866 987 909; x_wconf 83' lang='lat' dir='ltr'>altitudine,</span> <span class='ocrx_word' id='word_1_92' title='bbox 1026 865 1209 908; x_wconf 77' lang='lat' dir='ltr'>candida,</span> <span class='ocrx_word' id='word_1_93' title='bbox 1249 878 1350 914; x_wconf 90' lang='lat' dir='ltr'>quae</span> 
     </span>
     <span class='ocr_line' id='line_1_15' title="bbox 173 918 1352 972; baseline -0.003 -14"><span class='ocrx_word' id='word_1_94' title='bbox 173 928 294 972; x_wconf 84' lang='lat' dir='ltr'>gustu</span> <span class='ocrx_word' id='word_1_95' title='bbox 317 921 541 970; x_wconf 79' lang='lat' dir='ltr'>adstringit.</span> <span class='ocrx_word' id='word_1_96' title='bbox 597 919 769 956; x_wconf 89' lang='lat' dir='ltr'>feminae</span> <span class='ocrx_word' id='word_1_97' title='bbox 792 918 887 956; x_wconf 91' lang='lat' dir='ltr'>folia</span> <span class='ocrx_word' id='word_1_98' title='bbox 908 932 1081 955; x_wconf 84' lang='lat' dir='ltr'>murram</span> <span class='ocrx_word' id='word_1_99' title='bbox 1104 918 1287 955; x_wconf 90' lang='lat' dir='ltr'>redolent</span> <span class='ocrx_word' id='word_1_100' title='bbox 1311 924 1352 954; x_wconf 90' lang='lat' dir='ltr'>et</span> 
     </span>
     <span class='ocr_line' id='line_1_16' title="bbox 174 971 1352 1011; baseline -0.003 0"><span class='ocrx_word' id='word_1_101' title='bbox 174 975 357 1011; x_wconf 88' lang='lat' dir='ltr'>densiora</span> <span class='ocrx_word' id='word_1_102' title='bbox 388 980 492 1010; x_wconf 90' lang='lat' dir='ltr'>sunt.</span> <span class='ocrx_word' id='word_1_103' title='bbox 547 979 764 1010; x_wconf 87' lang='lat' dir='ltr'>nascuntur</span> <span class='ocrx_word' id='word_1_104' title='bbox 794 976 834 1009; x_wconf 92' lang='lat' dir='ltr'>in</span> <span class='ocrx_word' id='word_1_105' title='bbox 866 972 983 1009; x_wconf 75' lang='lat' dir='ltr'>silvis.</span> <span class='ocrx_word' id='word_1_106' title='bbox 1038 971 1204 1008; x_wconf 87' lang='lat' dir='ltr'>tradunt</span> <span class='ocrx_word' id='word_1_107' title='bbox 1235 977 1352 1008; x_wconf 90' lang='lat' dir='ltr'>nocte</span> 
     </span>
     <span class='ocr_line' id='line_1_17' title="bbox 175 1025 1353 1076; baseline -0.003 -12"><span class='ocrx_word' id='word_1_108' title='bbox 175 1027 432 1070; x_wconf 85' lang='lat' dir='ltr'>effodiendas,</span> <span class='ocrx_word' id='word_1_109' title='bbox 465 1029 653 1076; x_wconf 88' lang='lat' dir='ltr'>quoniam</span> <span class='ocrx_word' id='word_1_110' title='bbox 684 1026 858 1063; x_wconf 88' lang='lat' dir='ltr'>interdiu</span> <span class='ocrx_word' id='word_1_111' title='bbox 890 1025 1152 1075; x_wconf 87' lang='lat' dir='ltr'>periculosum</span> <span class='ocrx_word' id='word_1_112' title='bbox 1184 1027 1235 1062; x_wconf 88' lang='lat' dir='ltr'>sit</span> <span class='ocrx_word' id='word_1_113' title='bbox 1266 1028 1353 1074; x_wconf 90' lang='lat' dir='ltr'>pico</span> 
     </span>
     <span class='ocr_line' id='line_1_18' title="bbox 177 1078 1353 1130; baseline -0.003 -13"><span class='ocrx_word' id='word_1_114' title='bbox 177 1080 326 1118; x_wconf 87' lang='lat' dir='ltr'>Martio</span> <span class='ocrx_word' id='word_1_115' title='bbox 350 1084 532 1130; x_wconf 86' lang='lat' dir='ltr'>inpetum</span> <span class='ocrx_word' id='word_1_116' title='bbox 556 1083 595 1116; x_wconf 89' lang='lat' dir='ltr'>in</span> <span class='ocrx_word' id='word_1_117' title='bbox 621 1079 752 1116; x_wconf 89' lang='lat' dir='ltr'>oculos</span> <span class='ocrx_word' id='word_1_118' title='bbox 777 1078 973 1122; x_wconf 81' lang='lat' dir='ltr'>faciente3</span> <span class='ocrx_word' id='word_1_119' title='bbox 1010 1078 1123 1115; x_wconf 89' lang='lat' dir='ltr'>radix</span> <span class='ocrx_word' id='word_1_120' title='bbox 1147 1091 1239 1115; x_wconf 89' lang='lat' dir='ltr'>vero</span> <span class='ocrx_word' id='word_1_121' title='bbox 1263 1091 1353 1114; x_wconf 90' lang='lat' dir='ltr'>cum</span> 
     </span>
     <span class='ocr_line' id='line_1_19' title="bbox 176 1131 1354 1183; baseline -0.003 -12"><span class='ocrx_word' id='word_1_122' title='bbox 176 1133 399 1177; x_wconf 83' lang='lat' dir='ltr'>effodiatur,</span> <span class='ocrx_word' id='word_1_123' title='bbox 423 1133 641 1183; x_wconf 87' lang='lat' dir='ltr'>periculum</span> <span class='ocrx_word' id='word_1_124' title='bbox 667 1146 752 1170; x_wconf 88' lang='lat' dir='ltr'>esse</span> <span class='ocrx_word' id='word_1_125' title='bbox 777 1146 827 1169; x_wconf 90' lang='lat' dir='ltr'>ne</span> <span class='ocrx_word' id='word_1_126' title='bbox 852 1132 966 1169; x_wconf 92' lang='lat' dir='ltr'>sedes</span> <span class='ocrx_word' id='word_1_127' title='bbox 990 1131 1183 1182; x_wconf 86' lang='lat' dir='ltr'>procidat,</span> <span class='ocrx_word' id='word_1_128' title='bbox 1207 1145 1354 1182; x_wconf 88' lang='lat' dir='ltr'>magna</span> 
     </span>
     <span class='ocr_line' id='line_1_20' title="bbox 174 1185 1351 1224; baseline -0.003 0"><span class='ocrx_word' id='word_1_129' title='bbox 174 1191 353 1224; x_wconf 82' lang='lat' dir='ltr'>vanitate</span> <span class='ocrx_word' id='word_1_130' title='bbox 377 1187 427 1224; x_wconf 92' lang='lat' dir='ltr'>ad</span> <span class='ocrx_word' id='word_1_131' title='bbox 450 1189 764 1224; x_wconf 85' lang='lat' dir='ltr'>ostentationem</span> <span class='ocrx_word' id='word_1_132' title='bbox 785 1189 841 1223; x_wconf 89' lang='lat' dir='ltr'>rei</span> <span class='ocrx_word' id='word_1_133' title='bbox 866 1185 1002 1222; x_wconf 88' lang='lat' dir='ltr'>fictum</span> <span class='ocrx_word' id='word_1_134' title='bbox 1025 1185 1204 1222; x_wconf 86' lang='lat' dir='ltr'>arbitror.</span> <span class='ocrx_word' id='word_1_135' title='bbox 1259 1198 1351 1221; x_wconf 92' lang='lat' dir='ltr'>usus</span> 
     </span>
    </p>

    <p class='ocr_par' dir='ltr' id='par_1_5' title="bbox 109 1240 1353 1610">
     <span class='ocr_line' id='line_1_21' title="bbox 109 1240 1352 1289; baseline -0.003 -11"><span class='ocrx_word' id='word_1_136' title='bbox 109 1248 149 1278; x_wconf 88' lang='grc'>86</span> <span class='ocrx_word' id='word_1_137' title='bbox 175 1244 215 1277; x_wconf 89' lang='lat' dir='ltr'>in</span> <span class='ocrx_word' id='word_1_138' title='bbox 230 1241 290 1278; x_wconf 88' lang='lat' dir='ltr'>his</span> <span class='ocrx_word' id='word_1_139' title='bbox 306 1241 495 1278; x_wconf 81' lang='lat' dir='ltr'>diversus.</span> <span class='ocrx_word' id='word_1_140' title='bbox 550 1240 669 1276; x_wconf 89' lang='lat' dir='ltr'>rubra</span> <span class='ocrx_word' id='word_1_141' title='bbox 684 1253 809 1289; x_wconf 84' lang='lat' dir='ltr'>grana</span> <span class='ocrx_word' id='word_1_142' title='bbox 824 1240 1014 1276; x_wconf 90' lang='lat' dir='ltr'>rubentes</span> <span class='ocrx_word' id='word_1_143' title='bbox 1031 1251 1188 1275; x_wconf 88' lang='lat' dir='ltr'>menses</span> <span class='ocrx_word' id='word_1_144' title='bbox 1205 1240 1352 1275; x_wconf 84' lang='lat' dir='ltr'>sistunt</span> 
     </span>
     <span class='ocr_line' id='line_1_22' title="bbox 175 1291 1352 1343; baseline -0.003 -12"><span class='ocrx_word' id='word_1_145' title='bbox 175 1307 223 1331; x_wconf 83' lang='lat' dir='ltr'>xv</span> <span class='ocrx_word' id='word_1_146' title='bbox 263 1293 346 1331; x_wconf 87' lang='lat' dir='ltr'>fere</span> <span class='ocrx_word' id='word_1_147' title='bbox 386 1300 483 1343; x_wconf 89' lang='lat' dir='ltr'>pota</span> <span class='ocrx_word' id='word_1_148' title='bbox 521 1296 561 1329; x_wconf 92' lang='lat' dir='ltr'>in</span> <span class='ocrx_word' id='word_1_149' title='bbox 602 1296 692 1330; x_wconf 77' lang='lat' dir='ltr'>vino</span> <span class='ocrx_word' id='word_1_150' title='bbox 734 1296 857 1342; x_wconf 85' lang='lat' dir='ltr'>nigro.</span> <span class='ocrx_word' id='word_1_151' title='bbox 913 1295 1025 1342; x_wconf 86' lang='lat' dir='ltr'>nigra</span> <span class='ocrx_word' id='word_1_152' title='bbox 1065 1305 1189 1341; x_wconf 87' lang='lat' dir='ltr'>grana</span> <span class='ocrx_word' id='word_1_153' title='bbox 1228 1291 1352 1328; x_wconf 82' lang='lat' dir='ltr'>vulvis</span> 
     </span>
     <span class='ocr_line' id='line_1_23' title="bbox 176 1344 1352 1396; baseline -0.003 -12"><span class='ocrx_word' id='word_1_154' title='bbox 176 1347 389 1384; x_wconf 90' lang='lat' dir='ltr'>medentur</span> <span class='ocrx_word' id='word_1_155' title='bbox 421 1360 470 1383; x_wconf 80' lang='lat' dir='ltr'>ex</span> <span class='ocrx_word' id='word_1_156' title='bbox 503 1360 618 1396; x_wconf 91' lang='lat' dir='ltr'>passo</span> <span class='ocrx_word' id='word_1_157' title='bbox 651 1352 719 1383; x_wconf 86' lang='lat' dir='ltr'>aut</span> <span class='ocrx_word' id='word_1_158' title='bbox 753 1349 842 1382; x_wconf 83' lang='lat' dir='ltr'>vino</span> <span class='ocrx_word' id='word_1_159' title='bbox 874 1346 1046 1382; x_wconf 89' lang='lat' dir='ltr'>totidem</span> <span class='ocrx_word' id='word_1_160' title='bbox 1078 1351 1185 1394; x_wconf 91' lang='lat' dir='ltr'>pota.</span> <span class='ocrx_word' id='word_1_161' title='bbox 1240 1344 1352 1381; x_wconf 82' lang='lat' dir='ltr'>radix</span> 
     </span>
     <span class='ocr_line' id='line_1_24' title="bbox 176 1398 1352 1448; baseline -0.003 -10"><span class='ocrx_word' id='word_1_162' title='bbox 176 1414 312 1438; x_wconf 89' lang='lat' dir='ltr'>omnes</span> <span class='ocrx_word' id='word_1_163' title='bbox 330 1403 477 1437; x_wconf 83' lang='lat' dir='ltr'>ventris</span> <span class='ocrx_word' id='word_1_164' title='bbox 495 1400 650 1436; x_wconf 90' lang='lat' dir='ltr'>dolores</span> <span class='ocrx_word' id='word_1_165' title='bbox 668 1399 783 1436; x_wconf 88' lang='lat' dir='ltr'>sedat</span> <span class='ocrx_word' id='word_1_166' title='bbox 799 1402 839 1435; x_wconf 91' lang='lat' dir='ltr'>in</span> <span class='ocrx_word' id='word_1_167' title='bbox 857 1402 947 1435; x_wconf 81' lang='lat' dir='ltr'>vino</span> <span class='ocrx_word' id='word_1_168' title='bbox 964 1398 1177 1448; x_wconf 67' lang='lat' dir='ltr'>alvumque</span> <span class='ocrx_word' id='word_1_169' title='bbox 1194 1404 1352 1447; x_wconf 86' lang='lat' dir='ltr'>purgat,</span> 
     </span>
     <span class='ocr_line' id='line_1_25' title="bbox 178 1453 1353 1503; baseline -0.003 -12"><span class='ocrx_word' id='word_1_170' title='bbox 178 1461 292 1491; x_wconf 88' lang='lat' dir='ltr'>sanat</span> <span class='ocrx_word' id='word_1_171' title='bbox 309 1453 623 1503; x_wconf 85' lang='lat' dir='ltr'>opisthotonum,</span> <span class='ocrx_word' id='word_1_172' title='bbox 640 1453 822 1490; x_wconf 84' lang='lat' dir='ltr'>morbum</span> <span class='ocrx_word' id='word_1_173' title='bbox 838 1455 1006 1502; x_wconf 85' lang='lat' dir='ltr'>regium,</span> <span class='ocrx_word' id='word_1_174' title='bbox 1024 1465 1152 1495; x_wconf 87' lang='lat' dir='ltr'>renes,</span> <span class='ocrx_word' id='word_1_175' title='bbox 1170 1454 1353 1494; x_wconf 77' lang='lat' dir='ltr'>vesicam,</span> 
     </span>
     <span class='ocr_line' id='line_1_26' title="bbox 178 1505 1353 1548; baseline -0.003 -4"><span class='ocrx_word' id='word_1_176' title='bbox 178 1511 365 1544; x_wconf 84' lang='lat' dir='ltr'>arteriam</span> <span class='ocrx_word' id='word_1_177' title='bbox 407 1513 543 1544; x_wconf 90' lang='lat' dir='ltr'>autem</span> <span class='ocrx_word' id='word_1_178' title='bbox 588 1512 630 1543; x_wconf 90' lang='lat' dir='ltr'>et</span> <span class='ocrx_word' id='word_1_179' title='bbox 671 1505 920 1543; x_wconf 86' lang='lat' dir='ltr'>stomachum</span> <span class='ocrx_word' id='word_1_180' title='bbox 962 1505 1128 1542; x_wconf 90' lang='lat' dir='ltr'>decocta</span> <span class='ocrx_word' id='word_1_181' title='bbox 1168 1507 1208 1540; x_wconf 91' lang='lat' dir='ltr'>in</span> <span class='ocrx_word' id='word_1_182' title='bbox 1250 1507 1353 1548; x_wconf 69' lang='lat' dir='ltr'>w&#39;no,</span> 
     </span>
     <span class='ocr_line' id='line_1_27' title="bbox 176 1557 1353 1610; baseline -0.003 -14"><span class='ocrx_word' id='word_1_183' title='bbox 176 1561 388 1610; x_wconf 77' lang='lat' dir='ltr'>alvumque</span> <span class='ocrx_word' id='word_1_184' title='bbox 419 1563 534 1597; x_wconf 85' lang='lat' dir='ltr'>sistit.</span> <span class='ocrx_word' id='word_1_185' title='bbox 591 1566 699 1596; x_wconf 91' lang='lat' dir='ltr'>estur</span> <span class='ocrx_word' id='word_1_186' title='bbox 731 1562 853 1596; x_wconf 89' lang='lat' dir='ltr'>etiam</span> <span class='ocrx_word' id='word_1_187' title='bbox 882 1562 922 1595; x_wconf 91' lang='lat' dir='ltr'>in</span> <span class='ocrx_word' id='word_1_188' title='bbox 954 1557 1183 1601; x_wconf 84' lang='lat' dir='ltr'>alimentis,2</span> <span class='ocrx_word' id='word_1_189' title='bbox 1213 1557 1284 1594; x_wconf 89' lang='lat' dir='ltr'>sed</span> <span class='ocrx_word' id='word_1_190' title='bbox 1312 1560 1353 1594; x_wconf 90' lang='lat' dir='ltr'>in</span> 
     </span>
    </p>
   </div>
   <div class='ocr_carea' id='block_1_3' title="bbox 181 1634 1351 1805">
    <p class='ocr_par' dir='ltr' id='par_1_6' title="bbox 182 1634 1351 1719">
     <span class='ocr_line' id='line_1_28' title="bbox 228 1634 1351 1679; baseline -0.004 -10"><span class='ocrx_word' id='word_1_191' title='bbox 228 1637 241 1656; x_wconf 71' lang='lat'>1</span> <span class='ocrx_word' id='word_1_192' title='bbox 262 1637 454 1679; x_wconf 84' lang='lat' dir='ltr'>palmorum</span> <span class='ocrx_word' id='word_1_193' title='bbox 466 1637 612 1677; x_wconf 79' lang='lat' dir='ltr'>plerique</span> <span class='ocrx_word' id='word_1_194' title='bbox 626 1636 716 1668; x_wconf 83' lang='lat' dir='ltr'>codd.</span> <span class='ocrx_word' id='word_1_195' title='bbox 733 1637 793 1676; x_wconf 72' lang='lat' dir='ltr'>(sic</span> <span class='ocrx_word' id='word_1_196' title='bbox 808 1635 1040 1674; x_wconf 77' lang='lat' dir='ltr'>Dioscorides),</span> <span class='ocrx_word' id='word_1_197' title='bbox 1057 1634 1231 1674; x_wconf 79' lang='lat' dir='ltr'>Maykoff:</span> <span class='ocrx_word' id='word_1_198' title='bbox 1261 1634 1351 1666; x_wconf 87' lang='lat' dir='ltr'>cubi-</span> 
     </span>
     <span class='ocr_line' id='line_1_29' title="bbox 182 1679 684 1719; baseline -0.004 -7"><span class='ocrx_word' id='word_1_199' title='bbox 182 1685 296 1712; x_wconf 71' lang='lat' dir='ltr'>torum</span> <span class='ocrx_word' id='word_1_200' title='bbox 314 1681 371 1716; x_wconf 89' lang='lat' dir='ltr'>Er,</span> <span class='ocrx_word' id='word_1_201' title='bbox 393 1681 488 1719; x_wconf 62' lang='lat' dir='ltr'>vulq„</span> <span class='ocrx_word' id='word_1_202' title='bbox 507 1679 684 1719; x_wconf 68' lang='lat' dir='ltr'>Deflefsen.</span> 
     </span>
    </p>

    <p class='ocr_par' dir='ltr' id='par_1_7' title="bbox 181 1720 1351 1805">
     <span class='ocr_line' id='line_1_30' title="bbox 226 1720 1351 1762; baseline -0.004 -7"><span class='ocrx_word' id='word_1_203' title='bbox 226 1725 238 1744; x_wconf 81' lang='lat'>2</span> <span class='ocrx_word' id='word_1_204' title='bbox 261 1724 295 1755; x_wconf 84' lang='lat' dir='ltr'>‘m</span> <span class='ocrx_word' id='word_1_205' title='bbox 321 1723 491 1754; x_wconf 76' lang='lat' dir='ltr'>alimentis</span> <span class='ocrx_word' id='word_1_206' title='bbox 519 1723 635 1759; x_wconf 75' lang='lat' dir='ltr'>Ianus,</span> <span class='ocrx_word' id='word_1_207' title='bbox 658 1721 822 1762; x_wconf 64' lang='lat' dir='ltr'>Blayhoff,</span> <span class='ocrx_word' id='word_1_208' title='bbox 849 1721 916 1752; x_wconf 77' lang='lat' dir='ltr'>cod.</span> <span class='ocrx_word' id='word_1_209' title='bbox 944 1720 1197 1752; x_wconf 73' lang='lat' dir='ltr'>Murbacensis:</span> <span class='ocrx_word' id='word_1_210' title='bbox 1232 1723 1351 1751; x_wconf 77' lang='lat' dir='ltr'>contra</span> 
     </span>
     <span class='ocr_line' id='line_1_31' title="bbox 181 1764 836 1805; baseline -0.005 -7"><span class='ocrx_word' id='word_1_211' title='bbox 181 1766 310 1798; x_wconf 85' lang='lat' dir='ltr'>malum</span> <span class='ocrx_word' id='word_1_212' title='bbox 326 1767 450 1797; x_wconf 83' lang='lat' dir='ltr'>mentis</span> <span class='ocrx_word' id='word_1_213' title='bbox 468 1765 529 1796; x_wconf 82' lang='lat' dir='ltr'>RE</span> <span class='ocrx_word' id='word_1_214' title='bbox 549 1765 644 1805; x_wconf 63' lang='lat' dir='ltr'>vulq„</span> <span class='ocrx_word' id='word_1_215' title='bbox 662 1764 836 1805; x_wconf 68' lang='lat' dir='ltr'>Detlefsen.</span> 
     </span>
    </p>
   </div>
   <div class='ocr_carea' id='block_1_4' title="bbox 179 1867 1352 2039">
    <p class='ocr_par' dir='ltr' id='par_1_8' title="bbox 179 1867 1352 2039">
     <span class='ocr_line' id='line_1_32' title="bbox 222 1867 1352 1925; baseline -0.005 -21"><span class='ocrx_word' id='word_1_216' title='bbox 222 1877 235 1890; x_wconf 76' lang='lat'>‘³</span> <span class='ocrx_word' id='word_1_217' title='bbox 258 1872 357 1903; x_wconf 87' lang='lat' dir='ltr'>Some</span> <span class='ocrx_word' id='word_1_218' title='bbox 374 1871 430 1903; x_wconf 91' lang='lat' dir='ltr'>old</span> <span class='ocrx_word' id='word_1_219' title='bbox 446 1870 696 1925; x_wconf 51' lang='lat' dir='ltr'>editionsnhave</span> <span class='ocrx_word' id='word_1_220' title='bbox 713 1870 884 1901; x_wconf 76' lang='lat' dir='ltr'>universae</span> <span class='ocrx_word' id='word_1_221' title='bbox 899 1880 966 1900; x_wconf 82' lang='lat' dir='ltr'>uno</span> <span class='ocrx_word' id='word_1_222' title='bbox 983 1869 1107 1909; x_wconf 80' lang='lat' dir='ltr'>impetu</span> <span class='ocrx_word' id='word_1_223' title='bbox 1124 1868 1255 1905; x_wconf 79' lang='lat' dir='ltr'>cadunt,</span> <span class='ocrx_word' id='word_1_224' title='bbox 1275 1867 1293 1879; x_wconf 91' lang='grc'>“</span> <span class='ocrx_word' id='word_1_225' title='bbox 1308 1867 1352 1899; x_wconf 82' lang='lat' dir='ltr'>au</span> 
     </span>
     <span class='ocr_line' id='line_1_33' title="bbox 179 1913 1180 1996; baseline -0.005 -7"><span class='ocrx_word' id='word_1_226' title='bbox 179 1913 711 1996; x_wconf 43' lang='lat' dir='ltr'>to{elssl?g’gjegss88533}3avxlov‚</span> <span class='ocrx_word' id='word_1_227' title='bbox 734 1955 752 1967; x_wconf 77' lang='lat'>‘²</span> <span class='ocrx_word' id='word_1_228' title='bbox 768 1955 867 1986; x_wconf 87' lang='lat' dir='ltr'>made</span> <span class='ocrx_word' id='word_1_229' title='bbox 886 1955 973 1986; x_wconf 85' lang='lat' dir='ltr'>from</span> <span class='ocrx_word' id='word_1_230' title='bbox 991 1953 1180 1995; x_wconf 86' lang='lat' dir='ltr'>glaucion.”</span> 
     </span>
     <span class='ocr_line' id='line_1_34' title="bbox 222 2000 579 2039; baseline -0.008 -6"><span class='ocrx_word' id='word_1_231' title='bbox 222 2007 232 2019; x_wconf 69' lang='lat'><strong><em>⁶</em></strong></span> <span class='ocrx_word' id='word_1_232' title='bbox 255 2001 315 2033; x_wconf 85' lang='lat' dir='ltr'>See</span> <span class='ocrx_word' id='word_1_233' title='bbox 332 2000 429 2033; x_wconf 89' lang='lat' dir='ltr'>Book</span> <span class='ocrx_word' id='word_1_234' title='bbox 446 2000 480 2031; x_wconf 83' lang='lat' dir='ltr'>X</span> <span class='ocrx_word' id='word_1_235' title='bbox 497 2000 579 2039; x_wconf 79' lang='lat' dir='ltr'>§4o.</span> 
     </span>
    </p>
   </div>
   <div class='ocr_carea' id='block_1_5' title="bbox 176 2075 247 2108">
    <p class='ocr_par' dir='ltr' id='par_1_9' title="bbox 176 2075 247 2108">
     <span class='ocr_line' id='line_1_35' title="bbox 176 2075 247 2108; baseline 0 -8"><span class='ocrx_word' id='word_1_236' title='bbox 176 2075 247 2108; x_wconf 84' lang='lat'>440</span> 
     </span>
    </p>
   </div>
  </div>
 </body>
</html>
