1459 2288
69 252 129 283 124

69 838 128 869 125

72 1249 130 1279 126

362 144 555 182 PLINY:
602 144 865 181 NATURAL
899 143 1136 181 HISTORY

207 246 388 283 LXXVI.
419 246 530 282 Inter
543 259 692 295 genera
707 246 894 282 ruborum
908 245 1094 282 rhamnos
1109 245 1334 294 appellatur

161 320 183 342 a
211 306 371 342 Graecis
399 305 615 348 candidior,
642 303 865 341 fruticosior
894 304 963 341 etl
991 317 1120 341 ramos
1148 317 1337 354 spargens

159 367 276 401 rectis
299 364 456 407 aculeis,
479 377 557 400 non
579 369 624 399 ut
645 365 767 399 ceteri
790 362 966 407 aduncis,
988 362 1090 399 foliis
1111 364 1336 400 maioribus.

160 423 329 459 alterum
349 436 474 472 genus
496 425 579 458 eius
599 421 792 465 silvestre,
812 424 961 471 nigrius
982 427 1024 458 et
1044 421 1338 471 quadamtenus

159 483 317 524 rubens,
340 480 419 517 fert
439 481 562 517 veluti
585 479 788 517 folliculos.
829 480 945 516 huius
961 480 1092 516 radice
1113 480 1280 516 decocta
1299 482 1338 516 in

161 553 263 588 aqua
317 539 361 576 fit
417 539 756 575 medicamentum
811 538 917 588 quod
970 544 1134 575 vocatur
1179 539 1336 588 lycium.

159 611 295 635 semen
333 598 527 634 secundas
564 597 700 634 trahit.
755 597 820 634 ille
859 603 995 633 autem
1032 597 1235 634 candidior
1272 596 1339 634 ad-

159 660 319 706 stringit
353 659 492 707 magis,
516 655 739 706 refrigerat,
763 656 1060 692 collectionibus
1096 661 1138 692 et
1171 655 1338 692 vulneri-

157 717 231 752 bus
271 715 620 752 adcommodatior.
675 714 773 751 folia
812 717 1017 765 utriusque
1057 720 1099 751 et
1137 714 1258 751 cruda
1297 720 1339 751 et

158 775 323 811 decocta
342 774 564 810 inlinuntur
584 787 673 810 cum
695 773 793 810 oleo.

206 833 410 869 LXXVII.
442 833 608 882 Lycium
632 835 901 881 praestantius
926 835 1039 881 spina
1061 831 1144 868 fieri
1168 832 1336 869 tradunt

159 905 278 940 quam
308 897 349 928 et
377 891 659 942 pyxacanthon
688 891 889 928 chironian
920 897 1075 935 vocant,
1106 891 1264 940 qualem
1299 894 1338 927 in

160 950 303 986 Indicis
332 951 534 986 arboribus
562 950 746 993 diximus,
774 952 961 999 quoniam
988 949 1106 1000 longe
1132 956 1338 1000 praestan-

158 1011 353 1045 tissimum
380 1012 633 1045 existimatur
664 1009 856 1045 Indicum.
912 1014 1137 1058 coquuntur
1165 1011 1205 1045 in
1235 1021 1339 1058 aqua

158 1070 235 1103 tusi
257 1070 354 1103 rami
376 1068 607 1116 radicesque
624 1081 803 1104 summae
820 1067 1094 1104 amaritudinis
1112 1080 1229 1104 aereo
1245 1080 1337 1104 vase

159 1139 228 1175 per
249 1126 441 1169 triduum,
462 1129 689 1175 iterumque
712 1132 902 1176 exempto
922 1125 1043 1176 ligno,
1064 1126 1190 1163 donec
1211 1126 1337 1163 mellis

158 1185 378 1221 crassitudo
427 1185 507 1221 fiat.
564 1185 814 1222 adulteratur
861 1188 1003 1221 amaris
1052 1188 1165 1229 sucis,
1215 1187 1337 1222 etiam

157 1257 316 1280 amurca
341 1249 381 1280 et
405 1243 498 1280 felle
522 1244 683 1281 bubulo.
739 1257 880 1294 spuma
905 1246 988 1280 eius
1013 1257 1057 1280 ac
1081 1243 1150 1281 flos
1175 1244 1336 1294 quidam

157 1302 358 1338 oculorum
419 1302 720 1339 medicamentis
782 1302 954 1339 additur.
1031 1302 1182 1352 reliquo
1243 1316 1336 1339 suco

158 1359 298 1397 faciem
323 1367 467 1411 purgat
492 1367 532 1397 et
555 1374 689 1410 psoras
713 1368 841 1405 sanat,
865 1374 995 1398 erosos
1019 1361 1183 1411 angulos
1207 1361 1335 1398 oculo-

157 1433 243 1455 rum
261 1426 497 1469 veteresque
515 1419 735 1463 fluctiones,
753 1433 866 1456 aures
882 1419 1128 1469 purulentas,
1145 1419 1334 1463 tonsillas,

157 1480 349 1527 gingivas,
368 1481 520 1521 tussim,
538 1481 739 1528 sanguinis
759 1481 1031 1514 excreationes
1049 1477 1166 1514 fabae
1184 1480 1334 1528 magni-

157 1536 295 1572 tudine
315 1537 548 1573 devoratum
569 1543 651 1580 aut,
671 1540 698 1573 si
721 1550 768 1573 ex
787 1537 1014 1573 vulneribus
1034 1536 1145 1580 fluat,
1163 1537 1333 1580 inlitum,

157 1595 359 1644 rhagadia.
379 1596 615 1645 genitalium
637 1595 780 1639 ulcera,
802 1596 986 1639 adtritus,
1007 1596 1138 1632 ulcera
1158 1598 1335 1632 recentia

158 1660 199 1689 et
243 1657 445 1703 serpentia
489 1667 532 1690 ac
576 1657 861 1703 putrescentia,
905 1657 944 1690 in
989 1655 1147 1691 naribus
1191 1654 1333 1698 clavos,

157 1715 473 1761 suppurationes.
531 1714 681 1749 bibitur
702 1719 743 1750 et
763 1713 993 1750 mulieribus
1013 1716 1053 1749 in
1073 1713 1176 1750 lacte
1197 1719 1334 1750 contra

207 1792 219 1810 ²
243 1791 436 1823 fruticosior
459 1796 493 1823 et
517 1792 626 1833 plures
649 1793 750 1830 codd„
771 1793 943 1833 Mayhoff:
973 1793 1085 1824 frutex
1109 1794 1137 1824 is
1159 1793 1257 1824 floret
1281 1793 1335 1824 X:

165 1839 199 1866 et
214 1835 417 1872 fruticosior,
432 1836 460 1866 is
475 1836 572 1866 floret
586 1836 760 1876 Dedefsen,
775 1836 858 1876 vzzlq.

198 1958 212 1971 ⁰
236 1953 336 1984 From
359 1953 494 1991 Chiron,
517 1954 576 1985 the
599 1959 740 1986 ccntaur
762 1955 837 1986 who
860 1965 928 1986 was
952 1955 1102 1986 credited
1133 1955 1214 1986 with
1240 1961 1336 1997 great

154 1996 298 2027 medical
316 1997 521 2038 knowledge.

200 2039 212 2057 ὸ
235 2039 296 2070 See
311 2039 393 2071 XII.
409 2040 425 2080 ξ
442 2041 493 2071 31.

158 2103 204 2138 90
