<?xml version="1.0" encoding="UTF-8"?>
<!DOCTYPE html PUBLIC "-//W3C//DTD XHTML 1.0 Transitional//EN"
    "http://www.w3.org/TR/xhtml1/DTD/xhtml1-transitional.dtd">
<html xmlns="http://www.w3.org/1999/xhtml" xml:lang="en" lang="en">
 <head>
  <title>
</title>
<meta http-equiv="Content-Type" content="text/html;charset=utf-8" />
  <meta name='ocr-system' content='tesseract 3.04.00' />
  <meta name='ocr-capabilities' content='ocr_page ocr_carea ocr_par ocr_line ocrx_word'/>
</head>
<body>
  <div class='ocr_page' id='page_1' title='image "./naturalhistory07plinuoft_0246.png"; bbox 0 0 1459 2288; ppageno 0'>
   <div class='ocr_carea' id='block_1_1' title="bbox 404 159 1180 198">
    <p class='ocr_par' dir='ltr' id='par_1_1' title="bbox 404 159 1180 198">
     <span class='ocr_line' id='line_1_1' title="bbox 404 159 1180 198; baseline 0.001 -2"><span class='ocrx_word' id='word_1_1' title='bbox 404 159 599 197; x_wconf 88' lang='lat' dir='ltr'>PLINY:</span> <span class='ocrx_word' id='word_1_2' title='bbox 645 160 909 198; x_wconf 88' lang='lat' dir='ltr'>NATURAL</span> <span class='ocrx_word' id='word_1_3' title='bbox 943 160 1180 198; x_wconf 88' lang='lat' dir='ltr'>HISTORY</span> 
     </span>
    </p>
   </div>
   <div class='ocr_carea' id='block_1_2' title="bbox 202 261 1379 481">
    <p class='ocr_par' dir='ltr' id='par_1_2' title="bbox 202 261 1379 481">
     <span class='ocr_line' id='line_1_2' title="bbox 203 261 1378 312; baseline 0.001 -14"><span class='ocrx_word' id='word_1_4' title='bbox 203 261 317 298; x_wconf 88' lang='lat' dir='ltr'>factis</span> <span class='ocrx_word' id='word_1_5' title='bbox 333 263 345 285; x_wconf 88' lang='lat'>1</span> <span class='ocrx_word' id='word_1_6' title='bbox 363 274 428 298; x_wconf 88' lang='lat' dir='ltr'>eas</span> <span class='ocrx_word' id='word_1_7' title='bbox 442 261 456 284; x_wconf 84' lang='lat'><strong>²</strong></span> <span class='ocrx_word' id='word_1_8' title='bbox 469 262 745 305; x_wconf 76' lang='lat' dir='ltr'><strong>admittentes,</strong></span> <span class='ocrx_word' id='word_1_9' title='bbox 759 264 886 298; x_wconf 91' lang='lat' dir='ltr'>ociore</span> <span class='ocrx_word' id='word_1_10' title='bbox 901 264 1023 298; x_wconf 91' lang='lat' dir='ltr'>etiam</span> <span class='ocrx_word' id='word_1_11' title='bbox 1038 276 1157 312; x_wconf 88' lang='lat' dir='ltr'>quam</span> <span class='ocrx_word' id='word_1_12' title='bbox 1169 262 1184 284; x_wconf 86' lang='lat'><strong>3</strong></span> <span class='ocrx_word' id='word_1_13' title='bbox 1198 262 1378 312; x_wconf 90' lang='lat' dir='ltr'>aspidum</span> 
     </span>
     <span class='ocr_line' id='line_1_3' title="bbox 203 320 1379 371; baseline 0.001 -15"><span class='ocrx_word' id='word_1_14' title='bbox 203 323 388 371; x_wconf 83' lang='lat' dir='ltr'>pernicie.</span> <span class='ocrx_word' id='word_1_15' title='bbox 445 320 658 357; x_wconf 79' lang='lat' dir='ltr'>auxiliatur</span> <span class='ocrx_word' id='word_1_16' title='bbox 686 320 882 370; x_wconf 88' lang='lat' dir='ltr'>phrynion</span> <span class='ocrx_word' id='word_1_17' title='bbox 910 323 950 356; x_wconf 94' lang='lat' dir='ltr'>in</span> <span class='ocrx_word' id='word_1_18' title='bbox 979 324 1069 357; x_wconf 89' lang='lat' dir='ltr'>vino</span> <span class='ocrx_word' id='word_1_19' title='bbox 1099 327 1206 370; x_wconf 89' lang='lat' dir='ltr'>pota.</span> <span class='ocrx_word' id='word_1_20' title='bbox 1259 321 1379 370; x_wconf 85' lang='lat' dir='ltr'>aliqui</span> 
     </span>
     <span class='ocr_line' id='line_1_4' title="bbox 202 378 1378 429; baseline 0 -13"><span class='ocrx_word' id='word_1_21' title='bbox 202 379 379 416; x_wconf 83' lang='lat' dir='ltr'>neurada</span> <span class='ocrx_word' id='word_1_22' title='bbox 425 379 643 428; x_wconf 87' lang='lat' dir='ltr'>appellant,</span> <span class='ocrx_word' id='word_1_23' title='bbox 681 379 745 415; x_wconf 91' lang='lat' dir='ltr'>alii</span> <span class='ocrx_word' id='word_1_24' title='bbox 782 378 995 428; x_wconf 84' lang='lat' dir='ltr'>poterion,4</span> <span class='ocrx_word' id='word_1_25' title='bbox 1041 378 1199 416; x_wconf 86' lang='lat' dir='ltr'>floribus</span> <span class='ocrx_word' id='word_1_26' title='bbox 1237 383 1378 429; x_wconf 86' lang='lat' dir='ltr'>parvis,</span> 
     </span>
     <span class='ocr_line' id='line_1_5' title="bbox 202 437 1377 481; baseline 0 -7"><span class='ocrx_word' id='word_1_27' title='bbox 202 438 400 474; x_wconf 83' lang='lat' dir='ltr'>radicibus</span> <span class='ocrx_word' id='word_1_28' title='bbox 418 437 567 481; x_wconf 86' lang='lat' dir='ltr'>multis,</span> <span class='ocrx_word' id='word_1_29' title='bbox 584 440 770 481; x_wconf 80' lang='lat' dir='ltr'>nervosis,</span> <span class='ocrx_word' id='word_1_30' title='bbox 788 439 890 474; x_wconf 87' lang='lat' dir='ltr'>bene</span> <span class='ocrx_word' id='word_1_31' title='bbox 907 437 1118 474; x_wconf 88' lang='lat' dir='ltr'>olentibus.</span> <span class='ocrx_word' id='word_1_32' title='bbox 1174 437 1377 475; x_wconf 91' lang='lat' dir='ltr'>LXXVII.</span> 
     </span>
    </p>
   </div>
   <div class='ocr_carea' id='block_1_3' title="bbox 114 496 1378 547">
    <p class='ocr_par' dir='ltr' id='par_1_3' title="bbox 114 496 1378 547">
     <span class='ocr_line' id='line_1_6' title="bbox 114 496 1378 547; baseline 0.002 -15"><span class='ocrx_word' id='word_1_33' title='bbox 114 501 173 532; x_wconf 79' lang='lat'>124</span> <span class='ocrx_word' id='word_1_34' title='bbox 200 499 297 533; x_wconf 88' lang='lat' dir='ltr'>item</span> <span class='ocrx_word' id='word_1_35' title='bbox 344 496 512 539; x_wconf 86' lang='lat' dir='ltr'>alisma‚5</span> <span class='ocrx_word' id='word_1_36' title='bbox 558 510 678 546; x_wconf 89' lang='lat' dir='ltr'>quam</span> <span class='ocrx_word' id='word_1_37' title='bbox 724 496 789 532; x_wconf 88' lang='lat' dir='ltr'>alii</span> <span class='ocrx_word' id='word_1_38' title='bbox 840 497 1111 540; x_wconf 82' lang='lat' dir='ltr'>damasonion,</span> <span class='ocrx_word' id='word_1_39' title='bbox 1157 497 1221 533; x_wconf 87' lang='lat' dir='ltr'>alii</span> <span class='ocrx_word' id='word_1_40' title='bbox 1267 497 1378 547; x_wconf 85' lang='lat' dir='ltr'>lyron</span> 
     </span>
    </p>
   </div>
   <div class='ocr_carea' id='block_1_4' title="bbox 201 554 1380 839">
    <p class='ocr_par' dir='ltr' id='par_1_4' title="bbox 201 554 1380 839">
     <span class='ocr_line' id='line_1_7' title="bbox 202 554 1380 606; baseline 0.002 -15"><span class='ocrx_word' id='word_1_41' title='bbox 202 555 419 604; x_wconf 88' lang='lat' dir='ltr'>appellant.</span> <span class='ocrx_word' id='word_1_42' title='bbox 474 554 569 591; x_wconf 86' lang='lat' dir='ltr'>folia</span> <span class='ocrx_word' id='word_1_43' title='bbox 604 561 718 592; x_wconf 84' lang='lat' dir='ltr'>erant</span> <span class='ocrx_word' id='word_1_44' title='bbox 752 555 1007 605; x_wconf 81' lang='lat' dir='ltr'>plantaginis,</span> <span class='ocrx_word' id='word_1_45' title='bbox 1042 558 1114 591; x_wconf 90' lang='lat' dir='ltr'>nisi</span> <span class='ocrx_word' id='word_1_46' title='bbox 1150 559 1380 606; x_wconf 86' lang='lat' dir='ltr'>angustiora</span> 
     </span>
     <span class='ocr_line' id='line_1_8' title="bbox 203 613 1378 663; baseline 0.002 -14"><span class='ocrx_word' id='word_1_47' title='bbox 203 619 337 650; x_wconf 89' lang='lat' dir='ltr'>essent</span> <span class='ocrx_word' id='word_1_48' title='bbox 358 619 399 650; x_wconf 93' lang='lat' dir='ltr'>et</span> <span class='ocrx_word' id='word_1_49' title='bbox 418 616 544 663; x_wconf 89' lang='lat' dir='ltr'>magis</span> <span class='ocrx_word' id='word_1_50' title='bbox 564 613 750 650; x_wconf 88' lang='lat' dir='ltr'>laciniosa</span> <span class='ocrx_word' id='word_1_51' title='bbox 766 626 1022 662; x_wconf 81' lang='lat' dir='ltr'>convexaque</span> <span class='ocrx_word' id='word_1_52' title='bbox 1042 616 1082 650; x_wconf 89' lang='lat' dir='ltr'>in</span> <span class='ocrx_word' id='word_1_53' title='bbox 1102 619 1263 658; x_wconf 86' lang='lat' dir='ltr'>terram,</span> <span class='ocrx_word' id='word_1_54' title='bbox 1283 614 1378 651; x_wconf 87' lang='lat' dir='ltr'>alias</span> 
     </span>
     <span class='ocr_line' id='line_1_9' title="bbox 203 672 1379 722; baseline 0.002 -14"><span class='ocrx_word' id='word_1_55' title='bbox 203 675 325 708; x_wconf 85' lang='lat' dir='ltr'>etiam</span> <span class='ocrx_word' id='word_1_56' title='bbox 345 685 490 708; x_wconf 83' lang='lat' dir='ltr'>venosa</span> <span class='ocrx_word' id='word_1_57' title='bbox 509 672 705 716; x_wconf 88' lang='lat' dir='ltr'>similiter,</span> <span class='ocrx_word' id='word_1_58' title='bbox 725 672 837 708; x_wconf 90' lang='lat' dir='ltr'>caule</span> <span class='ocrx_word' id='word_1_59' title='bbox 857 672 1037 722; x_wconf 81' lang='lat' dir='ltr'>simplici,</span> <span class='ocrx_word' id='word_1_60' title='bbox 1057 675 1183 716; x_wconf 88' lang='lat' dir='ltr'>tenui,</span> <span class='ocrx_word' id='word_1_61' title='bbox 1203 673 1379 717; x_wconf 83' lang='lat' dir='ltr'>cubitali,</span> 
     </span>
     <span class='ocr_line' id='line_1_10' title="bbox 202 731 1378 781; baseline 0.002 -14"><span class='ocrx_word' id='word_1_62' title='bbox 202 734 333 780; x_wconf 87' lang='lat' dir='ltr'>capite</span> <span class='ocrx_word' id='word_1_63' title='bbox 364 731 504 781; x_wconf 79' lang='lat' dir='ltr'>thyrsi,</span> <span class='ocrx_word' id='word_1_64' title='bbox 534 731 733 767; x_wconf 82' lang='lat' dir='ltr'>radicibus</span> <span class='ocrx_word' id='word_1_65' title='bbox 764 731 909 774; x_wconf 88' lang='lat' dir='ltr'>densis,</span> <span class='ocrx_word' id='word_1_66' title='bbox 940 732 1128 768; x_wconf 88' lang='lat' dir='ltr'>tenuibus</span> <span class='ocrx_word' id='word_1_67' title='bbox 1158 737 1204 768; x_wconf 88' lang='lat' dir='ltr'>ut</span> <span class='ocrx_word' id='word_1_68' title='bbox 1234 735 1378 769; x_wconf 87' lang='lat' dir='ltr'>veratri</span> 
     </span>
     <span class='ocr_line' id='line_1_11' title="bbox 201 790 1378 839; baseline 0.002 -14"><span class='ocrx_word' id='word_1_69' title='bbox 201 792 316 839; x_wconf 88' lang='lat' dir='ltr'>nigri,</span> <span class='ocrx_word' id='word_1_70' title='bbox 370 790 537 833; x_wconf 82' lang='lat' dir='ltr'>acribus,</span> <span class='ocrx_word' id='word_1_71' title='bbox 591 790 779 833; x_wconf 76' lang='lat' dir='ltr'>odoratis,</span> <span class='ocrx_word' id='word_1_72' title='bbox 832 790 1058 839; x_wconf 87' lang='lat' dir='ltr'>pinguibus.</span> <span class='ocrx_word' id='word_1_73' title='bbox 1113 793 1287 827; x_wconf 87' lang='lat' dir='ltr'>nascitur</span> <span class='ocrx_word' id='word_1_74' title='bbox 1338 794 1378 827; x_wconf 93' lang='lat' dir='ltr'>in</span> 
     </span>
    </p>
   </div>
   <div class='ocr_carea' id='block_1_5' title="bbox 112 848 1377 899">
    <p class='ocr_par' dir='ltr' id='par_1_5' title="bbox 112 848 1377 899">
     <span class='ocr_line' id='line_1_12' title="bbox 112 848 1377 899; baseline 0.002 -16"><span class='ocrx_word' id='word_1_75' title='bbox 112 852 170 884; x_wconf 82' lang='lat'>125</span> <span class='ocrx_word' id='word_1_76' title='bbox 197 850 364 897; x_wconf 87' lang='lat' dir='ltr'>aquosis.</span> <span class='ocrx_word' id='word_1_77' title='bbox 420 848 591 884; x_wconf 88' lang='lat' dir='ltr'>alterum</span> <span class='ocrx_word' id='word_1_78' title='bbox 619 861 745 897; x_wconf 89' lang='lat' dir='ltr'>genus</span> <span class='ocrx_word' id='word_1_79' title='bbox 775 848 953 884; x_wconf 89' lang='lat' dir='ltr'>eiusdem</span> <span class='ocrx_word' id='word_1_80' title='bbox 982 851 1022 884; x_wconf 90' lang='lat' dir='ltr'>in</span> <span class='ocrx_word' id='word_1_81' title='bbox 1051 848 1187 892; x_wconf 79' lang='lat' dir='ltr'>silvis‚⁶</span> <span class='ocrx_word' id='word_1_82' title='bbox 1216 851 1377 899; x_wconf 88' lang='lat' dir='ltr'>nigrius,</span> 
     </span>
    </p>
   </div>
   <div class='ocr_carea' id='block_1_6' title="bbox 110 1321 169 1353">
    <p class='ocr_par' dir='ltr' id='par_1_6' title="bbox 110 1321 169 1353">
     <span class='ocr_line' id='line_1_13' title="bbox 110 1321 169 1353; baseline 0.017 -1"><span class='ocrx_word' id='word_1_83' title='bbox 110 1321 169 1353; x_wconf 85' lang='lat'>126</span> 
     </span>
    </p>
   </div>
   <div class='ocr_carea' id='block_1_7' title="bbox 109 1557 167 1587">
    <p class='ocr_par' dir='ltr' id='par_1_7' title="bbox 109 1557 167 1587">
     <span class='ocr_line' id='line_1_14' title="bbox 109 1557 167 1587; baseline 0 0"><span class='ocrx_word' id='word_1_84' title='bbox 109 1557 167 1587; x_wconf 79' lang='lat'>127</span> 
     </span>
    </p>
   </div>
   <div class='ocr_carea' id='block_1_8' title="bbox 198 906 1378 1662">
    <p class='ocr_par' dir='ltr' id='par_1_8' title="bbox 200 906 1378 1296">
     <span class='ocr_line' id='line_1_15' title="bbox 201 906 1377 956; baseline 0.003 -14"><span class='ocrx_word' id='word_1_85' title='bbox 201 907 414 943; x_wconf 90' lang='lat' dir='ltr'>maioribus</span> <span class='ocrx_word' id='word_1_86' title='bbox 442 906 557 943; x_wconf 87' lang='lat' dir='ltr'>foliis.</span> <span class='ocrx_word' id='word_1_87' title='bbox 612 909 651 942; x_wconf 90' lang='lat' dir='ltr'>in</span> <span class='ocrx_word' id='word_1_88' title='bbox 680 920 751 943; x_wconf 92' lang='lat' dir='ltr'>usu</span> <span class='ocrx_word' id='word_1_89' title='bbox 779 907 930 943; x_wconf 88' lang='lat' dir='ltr'>radices</span> <span class='ocrx_word' id='word_1_90' title='bbox 958 909 1164 956; x_wconf 87' lang='lat' dir='ltr'>utriusque</span> <span class='ocrx_word' id='word_1_91' title='bbox 1192 908 1377 945; x_wconf 86' lang='lat' dir='ltr'>adversus</span> 
     </span>
     <span class='ocr_line' id='line_1_16' title="bbox 200 965 1376 1015; baseline 0.002 -14"><span class='ocrx_word' id='word_1_92' title='bbox 200 978 314 1001; x_wconf 87' lang='lat' dir='ltr'>ranas</span> <span class='ocrx_word' id='word_1_93' title='bbox 343 971 384 1002; x_wconf 88' lang='lat' dir='ltr'>et</span> <span class='ocrx_word' id='word_1_94' title='bbox 410 965 563 1014; x_wconf 83' lang='lat' dir='ltr'>lepores</span> <span class='ocrx_word' id='word_1_95' title='bbox 591 968 761 1002; x_wconf 90' lang='lat' dir='ltr'>marinos</span> <span class='ocrx_word' id='word_1_96' title='bbox 789 965 1001 1002; x_wconf 87' lang='lat' dir='ltr'>drachmae</span> <span class='ocrx_word' id='word_1_97' title='bbox 1028 966 1203 1015; x_wconf 89' lang='lat' dir='ltr'>pondere</span> <span class='ocrx_word' id='word_1_98' title='bbox 1229 969 1270 1003; x_wconf 92' lang='lat' dir='ltr'>in</span> <span class='ocrx_word' id='word_1_99' title='bbox 1298 970 1376 1003; x_wconf 87' lang='lat' dir='ltr'>vini</span> 
     </span>
     <span class='ocr_line' id='line_1_17' title="bbox 200 1024 1374 1075; baseline 0.002 -15"><span class='ocrx_word' id='word_1_100' title='bbox 200 1030 310 1073; x_wconf 92' lang='lat' dir='ltr'>potu.</span> <span class='ocrx_word' id='word_1_101' title='bbox 365 1024 488 1074; x_wconf 88' lang='lat' dir='ltr'>lepori</span> <span class='ocrx_word' id='word_1_102' title='bbox 541 1027 693 1060; x_wconf 88' lang='lat' dir='ltr'>marino</span> <span class='ocrx_word' id='word_1_103' title='bbox 747 1024 979 1061; x_wconf 86' lang='lat' dir='ltr'>adversatur</span> <span class='ocrx_word' id='word_1_104' title='bbox 1033 1031 1074 1061; x_wconf 88' lang='lat' dir='ltr'>et</span> <span class='ocrx_word' id='word_1_105' title='bbox 1124 1025 1374 1075; x_wconf 89' lang='lat' dir='ltr'>cyclaminos.</span> 
     </span>
     <span class='ocr_line' id='line_1_18' title="bbox 201 1083 1378 1132; baseline 0.002 -13"><span class='ocrx_word' id='word_1_106' title='bbox 201 1086 343 1119; x_wconf 89' lang='lat' dir='ltr'>veneni</span> <span class='ocrx_word' id='word_1_107' title='bbox 359 1085 438 1119; x_wconf 85' lang='lat' dir='ltr'>vim</span> <span class='ocrx_word' id='word_1_108' title='bbox 453 1085 559 1119; x_wconf 82' lang='lat' dir='ltr'>canis</span> <span class='ocrx_word' id='word_1_109' title='bbox 576 1096 734 1132; x_wconf 90' lang='lat' dir='ltr'>quoque</span> <span class='ocrx_word' id='word_1_110' title='bbox 751 1083 879 1119; x_wconf 89' lang='lat' dir='ltr'>rabidi</span> <span class='ocrx_word' id='word_1_111' title='bbox 893 1096 1044 1119; x_wconf 84' lang='lat' dir='ltr'>morsus</span> <span class='ocrx_word' id='word_1_112' title='bbox 1060 1083 1225 1127; x_wconf 86' lang='lat' dir='ltr'>habent,</span> <span class='ocrx_word' id='word_1_113' title='bbox 1241 1090 1378 1121; x_wconf 82' lang='lat' dir='ltr'>contra</span> 
     </span>
     <span class='ocr_line' id='line_1_19' title="bbox 200 1141 1376 1194; baseline 0.002 -16"><span class='ocrx_word' id='word_1_114' title='bbox 200 1155 298 1191; x_wconf 89' lang='lat' dir='ltr'>quos</span> <span class='ocrx_word' id='word_1_115' title='bbox 333 1144 408 1179; x_wconf 82' lang='lat' dir='ltr'>erit</span> <span class='ocrx_word' id='word_1_116' title='bbox 433 1141 739 1192; x_wconf 89' lang='lat' dir='ltr'>cynorrhodum,</span> <span class='ocrx_word' id='word_1_117' title='bbox 765 1142 815 1178; x_wconf 90' lang='lat' dir='ltr'>de</span> <span class='ocrx_word' id='word_1_118' title='bbox 843 1155 920 1191; x_wconf 91' lang='lat' dir='ltr'>quo</span> <span class='ocrx_word' id='word_1_119' title='bbox 954 1142 1139 1186; x_wconf 86' lang='lat' dir='ltr'>diximus,</span> <span class='ocrx_word' id='word_1_120' title='bbox 1171 1143 1376 1194; x_wconf 86' lang='lat' dir='ltr'>plantago,</span> 
     </span>
     <span class='ocr_line' id='line_1_20' title="bbox 201 1200 1376 1251; baseline 0.002 -14"><span class='ocrx_word' id='word_1_121' title='bbox 201 1206 242 1237; x_wconf 86' lang='lat' dir='ltr'>et</span> <span class='ocrx_word' id='word_1_122' title='bbox 273 1200 324 1237; x_wconf 91' lang='lat' dir='ltr'>ad</span> <span class='ocrx_word' id='word_1_123' title='bbox 353 1214 489 1237; x_wconf 88' lang='lat' dir='ltr'>omnes</span> <span class='ocrx_word' id='word_1_124' title='bbox 519 1201 737 1237; x_wconf 86' lang='lat' dir='ltr'>bestiarum</span> <span class='ocrx_word' id='word_1_125' title='bbox 766 1214 932 1243; x_wconf 62' lang='lat' dir='ltr'>morsm,</span> <span class='ocrx_word' id='word_1_126' title='bbox 965 1207 1061 1250; x_wconf 86' lang='lat' dir='ltr'>pota</span> <span class='ocrx_word' id='word_1_127' title='bbox 1094 1207 1216 1251; x_wconf 87' lang='lat' dir='ltr'>atque</span> <span class='ocrx_word' id='word_1_128' title='bbox 1249 1202 1376 1246; x_wconf 87' lang='lat' dir='ltr'>inlita,</span> 
     </span>
     <span class='ocr_line' id='line_1_21' title="bbox 202 1262 768 1296; baseline 0.002 -1"><span class='ocrx_word' id='word_1_129' title='bbox 202 1262 405 1296; x_wconf 84' lang='lat' dir='ltr'>vettonica</span> <span class='ocrx_word' id='word_1_130' title='bbox 425 1272 473 1296; x_wconf 89' lang='lat' dir='ltr'>ex</span> <span class='ocrx_word' id='word_1_131' title='bbox 492 1272 602 1295; x_wconf 85' lang='lat' dir='ltr'>mero</span> <span class='ocrx_word' id='word_1_132' title='bbox 621 1265 768 1296; x_wconf 85' lang='lat' dir='ltr'>vetere.</span> 
     </span>
    </p>

    <p class='ocr_par' dir='ltr' id='par_1_9' title="bbox 198 1316 1376 1544">
     <span class='ocr_line' id='line_1_22' title="bbox 246 1316 1375 1363; baseline 0.003 -10"><span class='ocrx_word' id='word_1_133' title='bbox 246 1317 472 1354; x_wconf 83' lang='lat' dir='ltr'>LXXVIII.</span> <span class='ocrx_word' id='word_1_134' title='bbox 503 1316 744 1355; x_wconf 86' lang='lat' dir='ltr'>Peristereos</span> <span class='ocrx_word' id='word_1_135' title='bbox 775 1323 940 1354; x_wconf 85' lang='lat' dir='ltr'>vocatur</span> <span class='ocrx_word' id='word_1_136' title='bbox 969 1318 1081 1355; x_wconf 91' lang='lat' dir='ltr'>caule</span> <span class='ocrx_word' id='word_1_137' title='bbox 1112 1318 1194 1355; x_wconf 88' lang='lat' dir='ltr'>alto</span> <span class='ocrx_word' id='word_1_138' title='bbox 1223 1317 1375 1363; x_wconf 88' lang='lat' dir='ltr'>foliato,</span> 
     </span>
     <span class='ocr_line' id='line_1_23' title="bbox 199 1376 1376 1427; baseline 0.003 -15"><span class='ocrx_word' id='word_1_139' title='bbox 199 1379 404 1413; x_wconf 88' lang='lat' dir='ltr'>cacumine</span> <span class='ocrx_word' id='word_1_140' title='bbox 418 1379 459 1413; x_wconf 91' lang='lat' dir='ltr'>in</span> <span class='ocrx_word' id='word_1_141' title='bbox 473 1376 568 1413; x_wconf 88' lang='lat' dir='ltr'>alios</span> <span class='ocrx_word' id='word_1_142' title='bbox 583 1376 714 1414; x_wconf 87' lang='lat' dir='ltr'>caules</span> <span class='ocrx_word' id='word_1_143' title='bbox 729 1389 770 1413; x_wconf 91' lang='lat' dir='ltr'>se</span> <span class='ocrx_word' id='word_1_144' title='bbox 786 1390 988 1427; x_wconf 86' lang='lat' dir='ltr'>spargens,</span> <span class='ocrx_word' id='word_1_145' title='bbox 1003 1377 1194 1414; x_wconf 86' lang='lat' dir='ltr'>columbis</span> <span class='ocrx_word' id='word_1_146' title='bbox 1214 1377 1376 1415; x_wconf 86' lang='lat' dir='ltr'>admod—</span> 
     </span>
     <span class='ocr_line' id='line_1_24' title="bbox 199 1434 1375 1479; baseline 0.003 -8"><span class='ocrx_word' id='word_1_147' title='bbox 199 1449 267 1472; x_wconf 90' lang='lat' dir='ltr'>um</span> <span class='ocrx_word' id='word_1_148' title='bbox 313 1434 530 1479; x_wconf 81' lang='lat' dir='ltr'>familiaris,</span> <span class='ocrx_word' id='word_1_149' title='bbox 577 1436 683 1472; x_wconf 90' lang='lat' dir='ltr'>unde</span> <span class='ocrx_word' id='word_1_150' title='bbox 731 1441 773 1472; x_wconf 87' lang='lat' dir='ltr'>et</span> <span class='ocrx_word' id='word_1_151' title='bbox 818 1449 976 1472; x_wconf 90' lang='lat' dir='ltr'>nomen.</span> <span class='ocrx_word' id='word_1_152' title='bbox 1031 1435 1131 1472; x_wconf 89' lang='lat' dir='ltr'>hanc</span> <span class='ocrx_word' id='word_1_153' title='bbox 1181 1435 1375 1474; x_wconf 90' lang='lat' dir='ltr'>habentes</span> 
     </span>
     <span class='ocr_line' id='line_1_25' title="bbox 198 1494 733 1544; baseline 0.002 -14"><span class='ocrx_word' id='word_1_154' title='bbox 198 1500 350 1544; x_wconf 86' lang='lat' dir='ltr'>negant</span> <span class='ocrx_word' id='word_1_155' title='bbox 366 1494 502 1531; x_wconf 87' lang='lat' dir='ltr'>latrari</span> <span class='ocrx_word' id='word_1_156' title='bbox 520 1507 543 1530; x_wconf 93' lang='lat' dir='ltr'>a</span> <span class='ocrx_word' id='word_1_157' title='bbox 559 1495 733 1531; x_wconf 89' lang='lat' dir='ltr'>canibus.</span> 
     </span>
    </p>

    <p class='ocr_par' dir='ltr' id='par_1_10' title="bbox 198 1552 1375 1662">
     <span class='ocr_line' id='line_1_26' title="bbox 246 1552 1374 1603; baseline 0.003 -15"><span class='ocrx_word' id='word_1_158' title='bbox 246 1552 430 1590; x_wconf 90' lang='lat' dir='ltr'>LXXIX.</span> <span class='ocrx_word' id='word_1_159' title='bbox 461 1552 646 1590; x_wconf 86' lang='lat' dir='ltr'>Proxima</span> <span class='ocrx_word' id='word_1_160' title='bbox 671 1554 721 1590; x_wconf 92' lang='lat' dir='ltr'>ab</span> <span class='ocrx_word' id='word_1_161' title='bbox 746 1553 805 1590; x_wconf 88' lang='lat' dir='ltr'>his</span> <span class='ocrx_word' id='word_1_162' title='bbox 831 1553 945 1589; x_wconf 89' lang='lat' dir='ltr'>malis</span> <span class='ocrx_word' id='word_1_163' title='bbox 971 1566 1125 1590; x_wconf 89' lang='lat' dir='ltr'>venena</span> <span class='ocrx_word' id='word_1_164' title='bbox 1149 1560 1243 1591; x_wconf 87' lang='lat' dir='ltr'>sunt</span> <span class='ocrx_word' id='word_1_165' title='bbox 1268 1567 1374 1603; x_wconf 90' lang='lat' dir='ltr'>quae</span> 
     </span>
     <span class='ocr_line' id='line_1_27' title="bbox 198 1611 1375 1662; baseline 0.002 -14"><span class='ocrx_word' id='word_1_166' title='bbox 198 1612 359 1649; x_wconf 90' lang='lat' dir='ltr'>sibimet</span> <span class='ocrx_word' id='word_1_167' title='bbox 411 1615 503 1662; x_wconf 87' lang='lat' dir='ltr'>ipsis</span> <span class='ocrx_word' id='word_1_168' title='bbox 556 1611 735 1648; x_wconf 89' lang='lat' dir='ltr'>homines</span> <span class='ocrx_word' id='word_1_169' title='bbox 789 1614 1032 1662; x_wconf 83' lang='lat' dir='ltr'>excogitant.</span> <span class='ocrx_word' id='word_1_170' title='bbox 1087 1618 1226 1649; x_wconf 87' lang='lat' dir='ltr'>contra</span> <span class='ocrx_word' id='word_1_171' title='bbox 1277 1612 1375 1650; x_wconf 90' lang='lat' dir='ltr'>haec</span> 
     </span>
    </p>
   </div>
   <div class='ocr_carea' id='block_1_9' title="bbox 202 1721 1374 2064">
    <p class='ocr_par' dir='ltr' id='par_1_11' title="bbox 203 1721 1374 1805">
     <span class='ocr_line' id='line_1_28' title="bbox 245 1721 1374 1763; baseline 0.002 -10"><span class='ocrx_word' id='word_1_172' title='bbox 245 1723 256 1741; x_wconf 88' lang='lat'>¹</span> <span class='ocrx_word' id='word_1_173' title='bbox 283 1722 490 1753; x_wconf 79' lang='lat' dir='ltr'>candefactis</span> <span class='ocrx_word' id='word_1_174' title='bbox 534 1721 588 1759; x_wconf 87' lang='lat' dir='ltr'>V²,</span> <span class='ocrx_word' id='word_1_175' title='bbox 634 1721 791 1762; x_wconf 81' lang='lat' dir='ltr'>Mayhoff</span> <span class='ocrx_word' id='word_1_176' title='bbox 802 1734 809 1753; x_wconf 74' lang='grc' dir='ltr'>ε</span> <span class='ocrx_word' id='word_1_177' title='bbox 868 1722 1084 1754; x_wconf 76' lang='lat' dir='ltr'>candefactas</span> <span class='ocrx_word' id='word_1_178' title='bbox 1131 1722 1234 1754; x_wconf 82' lang='lat' dir='ltr'>V1Rd</span> <span class='ocrx_word' id='word_1_179' title='bbox 1279 1723 1374 1763; x_wconf 65' lang='lat' dir='ltr'>vuly„</span> 
     </span>
     <span class='ocr_line' id='line_1_29' title="bbox 203 1765 376 1805; baseline 0.006 -10"><span class='ocrx_word' id='word_1_180' title='bbox 203 1765 376 1805; x_wconf 76' lang='lat' dir='ltr'>Detlefsen.</span> 
     </span>
    </p>

    <p class='ocr_par' dir='ltr' id='par_1_12' title="bbox 241 1808 798 1848">
     <span class='ocr_line' id='line_1_30' title="bbox 241 1808 798 1848; baseline 0.002 -9"><span class='ocrx_word' id='word_1_181' title='bbox 241 1809 253 1828; x_wconf 89' lang='lat'><strong>²</strong></span> <span class='ocrx_word' id='word_1_182' title='bbox 277 1818 333 1839; x_wconf 84' lang='lat' dir='ltr'>eas</span> <span class='ocrx_word' id='word_1_183' title='bbox 349 1819 403 1848; x_wconf 72' lang='lat' dir='ltr'>eqo</span> <span class='ocrx_word' id='word_1_184' title='bbox 418 1808 511 1840; x_wconf 79' lang='lat' dir='ltr'>add.:</span> <span class='ocrx_word' id='word_1_185' title='bbox 542 1808 694 1839; x_wconf 77' lang='lat' dir='ltr'>omittunt</span> <span class='ocrx_word' id='word_1_186' title='bbox 709 1808 798 1840; x_wconf 86' lang='lat' dir='ltr'>codd.</span> 
     </span>
    </p>

    <p class='ocr_par' dir='ltr' id='par_1_13' title="bbox 244 1851 736 1891">
     <span class='ocr_line' id='line_1_31' title="bbox 244 1851 736 1891; baseline 0.002 -10"><span class='ocrx_word' id='word_1_187' title='bbox 244 1851 257 1869; x_wconf 78' lang='lat'><strong>³</strong></span> <span class='ocrx_word' id='word_1_188' title='bbox 282 1861 385 1891; x_wconf 88' lang='lat' dir='ltr'>quam</span> <span class='ocrx_word' id='word_1_189' title='bbox 400 1851 476 1882; x_wconf 84' lang='lat' dir='ltr'>add.</span> <span class='ocrx_word' id='word_1_190' title='bbox 499 1851 736 1891; x_wconf 72' lang='lat' dir='ltr'>Warmz&#39;nqton.</span> 
     </span>
    </p>

    <p class='ocr_par' dir='ltr' id='par_1_14' title="bbox 203 1894 1372 1978">
     <span class='ocr_line' id='line_1_32' title="bbox 243 1894 1372 1936; baseline 0.002 -11"><span class='ocrx_word' id='word_1_191' title='bbox 243 1894 256 1912; x_wconf 83' lang='lat'>⁴¹</span> <span class='ocrx_word' id='word_1_192' title='bbox 281 1895 436 1934; x_wconf 80' lang='lat' dir='ltr'>poterion</span> <span class='ocrx_word' id='word_1_193' title='bbox 464 1894 662 1925; x_wconf 81' lang='lat' dir='ltr'>Hermolaus</span> <span class='ocrx_word' id='word_1_194' title='bbox 690 1894 857 1925; x_wconf 81' lang='lat' dir='ltr'>Barbarus</span> <span class='ocrx_word' id='word_1_195' title='bbox 883 1904 920 1925; x_wconf 75' lang='lat' dir='ltr'>ex</span> <span class='ocrx_word' id='word_1_196' title='bbox 946 1894 1160 1927; x_wconf 71' lang='lat' dir='ltr'>Dioscorida:</span> <span class='ocrx_word' id='word_1_197' title='bbox 1201 1895 1372 1936; x_wconf 77' lang='lat' dir='ltr'>potireton</span> 
     </span>
     <span class='ocr_line' id='line_1_33' title="bbox 203 1937 1047 1978; baseline 0.002 -11"><span class='ocrx_word' id='word_1_198' title='bbox 203 1937 230 1967; x_wconf 97' lang='lat' dir='ltr'>V</span> <span class='ocrx_word' id='word_1_199' title='bbox 246 1937 277 1967; x_wconf 74' lang='lat' dir='ltr'>R</span> <span class='ocrx_word' id='word_1_200' title='bbox 293 1937 456 1977; x_wconf 78' lang='lat' dir='ltr'>Detlefsen</span> <span class='ocrx_word' id='word_1_201' title='bbox 470 1937 482 1956; x_wconf 79' lang='lat'><strong>²</strong></span> <span class='ocrx_word' id='word_1_202' title='bbox 492 1949 500 1973; x_wconf 94' lang='lat'>;</span> <span class='ocrx_word' id='word_1_203' title='bbox 530 1937 745 1978; x_wconf 85' lang='lat' dir='ltr'>polyrrhizon</span> <span class='ocrx_word' id='word_1_204' title='bbox 763 1937 858 1977; x_wconf 62' lang='lat' dir='ltr'>may„</span> <span class='ocrx_word' id='word_1_205' title='bbox 874 1937 1047 1978; x_wconf 75' lang='lat' dir='ltr'>Detlefsen.</span> 
     </span>
    </p>

    <p class='ocr_par' dir='ltr' id='par_1_15' title="bbox 202 1980 1372 2064">
     <span class='ocr_line' id='line_1_34' title="bbox 248 1980 1372 2019; baseline 0.002 -9"><span class='ocrx_word' id='word_1_206' title='bbox 248 1980 260 1998; x_wconf 83' lang='lat'>⁵</span> <span class='ocrx_word' id='word_1_207' title='bbox 285 1980 404 2011; x_wconf 83' lang='lat' dir='ltr'>alisma</span> <span class='ocrx_word' id='word_1_208' title='bbox 425 1980 622 2011; x_wconf 77' lang='lat' dir='ltr'>Hermolaus</span> <span class='ocrx_word' id='word_1_209' title='bbox 642 1981 810 2012; x_wconf 69' lang='lat' dir='ltr'>Barbarus</span> <span class='ocrx_word' id='word_1_210' title='bbox 828 1991 866 2011; x_wconf 72' lang='lat' dir='ltr'>ea:</span> <span class='ocrx_word' id='word_1_211' title='bbox 883 1980 1095 2012; x_wconf 81' lang='lat' dir='ltr'>Dioscoride:</span> <span class='ocrx_word' id='word_1_212' title='bbox 1128 1980 1250 2012; x_wconf 84' lang='lat' dir='ltr'>alcima</span> <span class='ocrx_word' id='word_1_213' title='bbox 1270 1981 1372 2019; x_wconf 69' lang='lat' dir='ltr'>codd„</span> 
     </span>
     <span class='ocr_line' id='line_1_35' title="bbox 202 2023 985 2064; baseline 0 -10"><span class='ocrx_word' id='word_1_214' title='bbox 202 2023 297 2063; x_wconf 67' lang='lat' dir='ltr'>vuly„</span> <span class='ocrx_word' id='word_1_215' title='bbox 316 2023 356 2053; x_wconf 84' lang='grc' dir='ltr'><em>Μ</em></span> <span class='ocrx_word' id='word_1_216' title='bbox 358 2023 479 2064; x_wconf 77' lang='lat' dir='ltr'>ayhoff.</span> <span class='ocrx_word' id='word_1_217' title='bbox 672 2025 685 2043; x_wconf 70' lang='grc' dir='ltr'><strong><em>ὃ</em></strong></span> <span class='ocrx_word' id='word_1_218' title='bbox 708 2023 795 2054; x_wconf 87' lang='lat' dir='ltr'>ulvis</span> <span class='ocrx_word' id='word_1_219' title='bbox 811 2023 985 2054; x_wconf 78' lang='lat' dir='ltr'>Fournier.</span> 
     </span>
    </p>
   </div>
   <div class='ocr_carea' id='block_1_10' title="bbox 199 2085 269 2120">
    <p class='ocr_par' dir='ltr' id='par_1_16' title="bbox 199 2085 269 2120">
     <span class='ocr_line' id='line_1_36' title="bbox 199 2085 269 2120; baseline 0.014 -1"><span class='ocrx_word' id='word_1_220' title='bbox 199 2085 269 2120; x_wconf 87' lang='lat'>226</span> 
     </span>
    </p>
   </div>
  </div>
 </body>
</html>
