1459 2288
113 292 155 322 50

115 721 152 751 51

120 1643 161 1675 53

385 182 581 220 PLINY:
627 183 891 220 NATURAL
924 183 1161 221 HISTORY

230 286 401 322 XXXII.
432 286 559 322 Laver
583 299 741 336 quoque
765 299 929 323 nascens
953 289 994 322 in
1016 289 1106 323 rivis
1130 286 1292 323 condita
1318 293 1359 323 et

181 353 293 384 cocta
332 348 567 384 torminibus
605 347 804 392 medetur,
859 347 1054 384 XXXIII.
1083 350 1362 397 potamogiton

183 422 273 445 vero
305 421 354 445 ex
385 411 475 445 vino
506 409 741 445 disintericis
773 412 896 446 etiam
929 415 971 445 et
1001 409 1196 453 coeliacis,
1227 409 1363 445 similis

182 471 300 506 betae
344 469 458 514 foliis,
500 473 627 507 minor
673 476 832 507 tantum
880 470 1159 520 hirsutiorque,
1200 470 1363 520 paulum

182 544 338 580 semper
389 535 567 568 eminens
620 538 734 569 extra
784 545 941 581 aquam.
997 545 1088 568 usus
1139 535 1179 569 in
1230 531 1358 568 foliis:

182 592 431 642 refrigerant,
472 596 655 643 spissant,
697 593 950 643 peculiariter
990 594 1166 630 cruribus
1208 596 1358 630 vitiosis

182 655 295 691 utilia
317 661 359 691 et
380 661 518 692 contra
539 655 715 691 ulcerum
737 668 874 691 nomas
897 668 987 691 cum
1008 655 1127 691 melle
1150 654 1212 691 vel
1234 661 1360 691 aceto.

182 715 322 752 Castor
346 716 447 753 hanc
473 716 588 753 aliter
613 722 792 760 noverat,
818 719 930 753 tenui
955 716 1049 753 folio
1074 716 1185 753 velut
1210 719 1363 766 equinis

183 781 316 821 saetis,
347 777 485 828 thyrso
515 778 633 828 longo
665 784 707 815 et
736 777 827 821 levi,
857 781 898 814 in
928 781 1084 827 aquosis
1115 784 1361 815 nascentem.

182 839 313 876 radice
354 840 521 876 sanabat
561 846 730 876 strumas
775 845 816 876 et
855 839 1032 876 duritias.
1087 842 1364 889 potamogiton

183 901 415 938 adversatur
439 901 656 945 crocodilis,
681 904 817 950 itaque
844 915 978 937 secum
1003 901 1155 938 habent
1181 914 1269 937 eam
1295 903 1363 950 qui

184 969 380 999 venantur
427 977 505 1000 eos.
561 963 692 999 alvum
735 966 839 999 sistit
883 969 924 999 et
967 963 1145 999 achillea.
1202 962 1363 999 eosdem

184 1023 347 1061 effectus
378 1031 557 1074 praestat
588 1031 629 1061 et
659 1028 815 1068 statice,
846 1030 1002 1074 septem
1032 1024 1209 1061 caulibus
1240 1024 1363 1060 veluti

184 1099 296 1122 rosae
317 1089 450 1135 capita
471 1089 683 1123 sustinens.

237 1147 421 1184 XXXIV.
452 1148 612 1184 Ceratia
660 1161 738 1184 uno
786 1147 893 1191 folio,
942 1147 1074 1184 radice
1123 1147 1272 1184 nodosa
1321 1153 1363 1183 et

184 1223 343 1258 magna,
380 1212 420 1245 in
457 1210 544 1246 cibo
581 1209 760 1246 coeliacis
799 1215 839 1245 et
877 1209 1127 1259 dysintericis
1164 1208 1361 1245 medetur.

184 1270 466 1320 leontopodion
511 1271 574 1307 alii
618 1271 841 1314 leuceoron,
886 1271 950 1306 alii
994 1270 1249 1320 dorypetron,
1299 1270 1364 1306 alii

184 1331 475 1382 thorybethron
495 1338 651 1375 vocant,
671 1335 779 1368 cuius
798 1332 910 1368 radix
930 1331 1061 1368 alvum
1080 1334 1184 1368 sistit
1202 1337 1364 1382 purgat-

185 1406 263 1442 que
309 1394 442 1437 bilem,
489 1397 528 1430 in
575 1407 719 1443 aquam
770 1394 938 1430 mulsam
995 1393 1132 1430 addito
1188 1393 1363 1442 pondere

186 1455 437 1492 denariorum
492 1456 671 1492 duorum.
735 1458 908 1492 nascitur
962 1458 1002 1491 in
1056 1457 1267 1505 campestri
1323 1461 1365 1491 et

186 1517 321 1566 gracili
349 1517 442 1554 solo.
498 1531 634 1554 semen
664 1520 746 1553 eius
775 1523 915 1566 potum
942 1516 1186 1567 lymphatica
1214 1519 1365 1553 somnia

187 1577 318 1615 facere
342 1579 496 1616 dicitur.
551 1579 716 1629 lagopus
740 1581 843 1615 sistit
867 1578 997 1615 alvum
1021 1591 1042 1614 e
1065 1581 1155 1614 vino
1177 1584 1273 1628 pota
1296 1584 1365 1615 aut

187 1643 227 1676 in
267 1639 367 1677 febri
409 1653 457 1677 ex
500 1654 614 1690 aqua.
671 1640 813 1677 eadem
853 1643 1004 1690 inguini
1046 1640 1286 1690 adalligatur
1325 1643 1364 1676 in

188 1708 357 1739 tumore.
412 1705 586 1739 nascitur
612 1705 652 1738 in
678 1702 894 1752 segetibus.
949 1701 1064 1738 multi
1090 1715 1208 1751 super
1235 1704 1366 1738 omnia

189 1763 355 1800 laudant
393 1764 443 1800 ad
481 1764 709 1813 deploratos
748 1763 1009 1813 dysintericos
1048 1762 1364 1813 quinquefolium

232 1881 246 1895 ‘²
270 1877 419 1908 Bostock
439 1877 507 1907 and
526 1876 625 1917 Riley
644 1877 731 1907 have
747 1888 753 1907 z
788 1876 807 1888 ‘⁴
822 1876 1024 1907 neutralizes
1042 1876 1101 1907 the
1120 1877 1236 1907 effects
1255 1876 1293 1907 of
1307 1876 1366 1907 the

187 1920 258 1950 bite
283 1920 321 1950 of
342 1920 400 1950 the
427 1919 626 1956 crocodile‚”
653 1930 673 1950 a
698 1919 901 1950 translation
927 1919 1035 1950 which
1060 1919 1116 1949 fits
1141 1920 1175 1950 in
1201 1919 1283 1950 with
1308 1919 1366 1949 the

189 1962 288 1993 usual
311 1973 406 1993 sense
430 1963 469 1993 of
487 1962 653 1993 adversari
677 1963 710 1992 in
736 1961 845 2002 Pliny,
866 1962 946 1998 and,
968 1962 1094 1992 absurd
1118 1973 1154 1993 as
1178 1963 1205 1993 it
1228 1962 1365 1999 sounds,

190 2016 271 2046 may
289 2005 329 2036 be
346 2005 447 2045 right.
494 2005 645 2046 Perhaps
662 2004 721 2035 the
739 2004 837 2044 plant
853 2015 921 2035 was
938 2004 1020 2035 used
1038 2015 1074 2035 as
1091 2015 1135 2035 an
1152 2005 1294 2035 amulet.

228 2047 240 2067 ¹²
266 2048 338 2079 Not
355 2048 434 2079 that
452 2048 479 2078 it
497 2047 609 2079 would
626 2048 667 2078 be
684 2047 787 2078 taken
804 2047 886 2078 with
903 2047 982 2078 that
999 2047 1124 2087 object.
1171 2047 1221 2079 Cf.
1240 2048 1321 2088 §57-

188 2122 256 2158 302
