1459 2288
542 478 746 524 LIBER
794 478 984 524 XXVII

173 616 187 646 l
261 611 290 648 Ι.
321 611 488 649 CRESCIT
517 611 696 661 profecto
727 611 833 661 apud
861 625 926 648 me
956 617 1064 649 certe
1094 616 1270 648 tractatu
1299 614 1384 662 ipso

210 684 419 721 admiratio
449 686 715 733 antiquitatis,
746 689 977 733 quantoque
1006 686 1131 720 maior
1160 686 1273 733 copia
1301 683 1388 721 her-

210 757 349 793 barum
367 756 538 793 dicenda
556 762 694 800 restat,
713 762 828 793 tanto
846 759 971 806 magis
991 756 1155 792 adorare
1174 758 1388 805 priscorum

209 832 248 865 in
265 828 505 865 inveniendo
522 841 669 872 curam,
686 831 726 864 in
744 828 940 865 tradendo
957 829 1252 878 benignitatem
1268 829 1387 865 subit.

210 915 282 938 nec
314 901 434 937 dubie
467 907 656 950 superata
686 900 760 937 hoc
792 900 911 937 modo
943 906 1078 950 posset
1110 900 1232 937 videri
1266 903 1388 938 etiam

210 987 341 1010 rerum
366 979 533 1010 naturae
560 976 679 1022 ipsius
705 973 991 1016 munificentia,
1017 975 1048 1009 si
1073 972 1235 1009 humani
1260 975 1388 1022 operis

171 1050 190 1080 ΚΟ

211 1052 317 1083 esset
331 1048 520 1082 inventio.
577 1058 681 1082 nunc
696 1059 788 1082 vero
802 1045 967 1082 deorum
982 1044 1103 1082 fuisse
1119 1059 1207 1082 eam
1222 1051 1389 1095 apparet

210 1125 280 1155 aut
306 1124 414 1154 certe
440 1117 629 1161 divinam,
656 1120 778 1154 etiam
804 1131 893 1154 cum
918 1117 1037 1154 homo
1061 1120 1272 1161 inveniret,
1298 1131 1388 1154 ean-

209 1191 382 1240 demque
424 1193 601 1227 omnium
642 1196 852 1240 parentem
895 1196 937 1226 et
977 1193 1163 1240 genuisse
1205 1189 1303 1227 haec
1345 1196 1387 1227 et

210 1263 445 1306 ostendisse,
483 1262 592 1298 nullo
629 1265 735 1299 vitae
772 1262 961 1298 miraculo
998 1264 1146 1299 maiore
1184 1264 1214 1298 si
1252 1275 1389 1299 verum

211 1334 326 1372 fateri
382 1334 575 1371 volumus.
631 1334 856 1385 Scythicam
912 1334 1077 1371 herbam
1132 1348 1155 1370 a
1211 1334 1385 1372 Maeotis

209 1407 434 1458 paludibus,
456 1413 498 1444 et
520 1407 789 1456 euphorbeam
813 1420 834 1443 e
856 1413 992 1443 monte
1015 1406 1182 1444 Atlante
1204 1406 1389 1456 ultraque

211 1479 392 1517 Herculis
423 1479 625 1516 columnas
658 1493 706 1516 ex
738 1482 822 1529 ipso
852 1493 983 1516 rerum
1014 1485 1182 1516 naturae
1212 1478 1388 1523 defectu,

210 1558 324 1603 parte
348 1552 424 1588 alia
446 1553 710 1588 britannicam
734 1565 783 1588 ex
807 1554 943 1588 oceani
966 1551 1102 1588 insulis
1126 1558 1241 1588 extra
1263 1558 1388 1588 terras

210 1627 361 1675 positis,
399 1627 577 1674 itemque
615 1624 887 1674 aethiopidem
926 1625 975 1660 ab
1016 1630 1158 1661 exusto
1195 1624 1388 1661 sideribus

172 1702 191 1733 3
211 1711 300 1741 axe,
324 1696 420 1734 alias
443 1703 654 1747 praeterea
677 1696 837 1733 aliunde
862 1696 965 1733 ultro
989 1699 1166 1746 citroque
1190 1696 1388 1733 humanae

211 1770 329 1807 saluti
355 1772 396 1805 in
422 1775 510 1806 toto
537 1769 631 1806 orbe
658 1772 820 1818 portari,
847 1771 1027 1805 inmensa
1053 1769 1255 1806 Romanae
1282 1771 1387 1818 pacis

210 1844 422 1879 maiestate
447 1855 525 1879 non
549 1841 728 1878 homines
752 1841 871 1878 modo
894 1841 1057 1878 diversis
1080 1843 1185 1878 inter
1208 1854 1250 1878 se
1273 1844 1387 1878 terris

209 1915 478 1965 gentibusque
508 1927 645 1951 verum
675 1916 797 1951 etiam
826 1919 982 1950 montes
1012 1920 1055 1950 et
1084 1913 1321 1950 excedentia
1348 1916 1386 1950 in

258 2048 272 2062 ⁰
295 2043 479 2084 Scythicam
493 2043 624 2074 herbam
648 2067 656 2074 .
682 2067 690 2074 .
717 2067 723 2074 .
746 2042 873 2083 portari
887 2053 996 2074 seems
1010 2046 1047 2073 to
1062 2042 1103 2074 be
1118 2042 1360 2084 exclamatory.

209 2107 279 2153 388
