1459 2288
130 267 189 298 151

130 960 188 991 153

417 158 611 195 PLINY:
658 159 920 196 NATURAL
954 159 1190 197 HISTORY

268 262 349 299 XC.
381 262 644 299 Muliebribus
695 263 841 298 morbis
892 262 1078 300 medetur
1128 266 1301 300 maxime
1352 266 1391 300 in

217 319 443 352 universum
469 318 661 364 paeoniae
687 315 835 352 herbae
863 329 1001 352 semen
1027 319 1184 366 nigrum
1212 330 1261 353 ex
1289 330 1392 366 aqua

217 369 354 405 mulsa.
411 369 551 405 eadem
571 375 612 405 et
630 371 669 405 in
688 369 819 405 radice
839 372 905 405 vis.
960 382 1117 406 menses
1135 372 1214 406 ciet
1231 373 1390 419 panacis

217 435 353 458 semen
366 435 455 458 cum
469 422 678 465 absinthio,
692 435 848 458 menses
862 428 904 459 et
916 422 1077 459 sudores
1091 423 1280 460 scordotis
1292 429 1390 472 potu

218 481 259 512 et
285 475 414 512 inlitu.
468 478 670 512 vettonica
696 475 884 512 drachma
910 478 950 511 in
978 478 1056 512 vini
1084 476 1237 526 cyathis
1264 477 1390 513 tribus

216 529 365 565 bibitur
383 534 521 565 contra
538 531 670 565 omnia
688 529 889 565 volvarum
909 531 1005 565 vitia
1023 535 1093 566 aut
1111 543 1213 578 quae
1233 543 1256 566 a
1272 536 1390 579 partu

217 582 328 618 fiunt.
383 595 539 618 menses
581 585 720 618 nimios
762 585 866 619 sistit
908 582 1065 619 achillia
1106 585 1277 632 inposita
1292 583 1305 605 1
1349 589 1391 620 et

216 635 424 672 decoctum
439 638 522 672 eius
534 635 809 672 insidentibus.
864 638 1045 672 mammis
1058 638 1263 685 inponitur
1275 636 1389 686 hyos-

217 691 344 738 cyami
367 702 503 725 semen
527 702 575 725 ex
599 689 833 725 vino—locis
856 689 967 725 radix
990 692 1030 725 in
1053 689 1391 738 cataplasmate—

216 742 289 778 et2
344 741 578 778 chelidonia.
633 742 825 778 secundas
881 748 1081 779 morantes
1137 743 1200 779 vel
1255 749 1390 792 partus

217 801 417 832 emortuos
445 796 597 832 radices
626 798 784 845 panacis
814 795 1019 845 adpositae
1050 796 1279 833 extrahunt.
1332 799 1388 846 ip-

216 862 302 885 sum
323 862 492 898 panaces
514 862 536 885 e
557 852 647 885 vino
668 855 807 898 potum
828 849 960 885 volvas
981 855 1126 899 purgat
1147 849 1390 899 adpositum-

216 915 293 951 que
321 916 411 938 cum
439 902 570 938 melle.
624 902 849 951 polemonia
877 909 973 952 pota
1002 915 1050 939 ex
1080 905 1170 939 vino
1198 903 1390 939 secundas

215 955 343 1004 pellit,
362 955 500 992 nidore
521 958 679 1005 corrigit
699 956 842 992 volvas.
898 958 1076 992 centauri
1096 958 1255 993 minoris
1276 970 1390 993 sucus

215 1015 312 1058 potu
335 1008 501 1058 fotuque
523 1022 680 1045 menses
702 1012 794 1052 ciet,
816 1012 914 1046 item
936 1012 1092 1045 maioris
1113 1009 1225 1046 radix
1247 1012 1289 1046 in
1311 1010 1390 1046 vol-

215 1075 287 1098 vae
316 1062 514 1099 doloribus
543 1062 668 1099 isdem
697 1062 824 1099 modis
852 1062 1028 1112 prodest,
1057 1063 1198 1099 derasa
1226 1076 1318 1100 vero
1347 1069 1390 1100 et

214 1116 397 1165 adposita
436 1116 611 1152 extrahit
649 1122 786 1165 partus
826 1122 1038 1153 emortuos.
1092 1116 1283 1166 plantago
1322 1117 1389 1153 ad-

214 1172 374 1219 ponitur
386 1172 426 1205 in
439 1169 530 1206 lana
542 1172 582 1206 in
596 1169 730 1206 dolore
745 1169 896 1213 volvae,
908 1172 949 1205 in
963 1169 1213 1219 strangulatu
1227 1170 1386 1207 bibitur.

215 1223 287 1259 sed
307 1225 521 1272 praecipua
541 1223 742 1259 dictamno
764 1225 819 1259 vis
842 1229 925 1266 est3
960 1236 1117 1260 menses
1139 1225 1231 1266 ciet,
1252 1229 1389 1272 partus

216 1282 415 1312 emortuos
430 1276 493 1312 vel
506 1282 702 1313 traversos
718 1277 1011 1313 eicit—bibitur
1026 1289 1075 1313 ex
1090 1289 1194 1326 aqua
1207 1275 1389 1313 foliorum

214 1329 483 1366 obolo—adeo
521 1330 571 1366 ad
607 1329 706 1366 haec
744 1330 881 1366 efficax
918 1336 964 1366 ut
1001 1343 1052 1366 ne
1088 1332 1129 1366 in
1166 1330 1387 1366 cubiculum

214 1383 376 1432 quidem
405 1386 712 1433 praegnantium
740 1382 946 1420 inferatur.
1001 1396 1074 1419 nec
1103 1389 1201 1432 potu
1230 1389 1389 1420 tantum

213 1436 283 1473 sed
316 1442 358 1473 et
388 1436 504 1473 inlitu
537 1443 578 1473 et
609 1437 741 1473 suffitu
773 1436 892 1473 valet.
947 1439 1125 1486 proxime
1157 1436 1389 1486 pseudodic-

267 1523 279 1541 1
302 1524 451 1564 inposita
468 1523 496 1554 E
514 1522 677 1563 Detlefsen
692 1535 699 1553 ε
729 1523 886 1563 adposita
903 1522 932 1553 V
950 1522 1111 1563 Mayhoff.

265 1566 277 1584 ²
299 1569 335 1596 et
354 1565 516 1606 Detlefsen
533 1578 539 1597 ε
573 1567 731 1597 mammis
751 1570 786 1597 et
806 1565 980 1606 Mayhoff:
1014 1569 1049 1597 et
1069 1567 1226 1597 mammis
1245 1569 1280 1597 et
1299 1566 1387 1598 codd.

251 1692 266 1707 ⁶
288 1688 359 1720 The
376 1689 467 1720 word
483 1693 510 1720 et
526 1689 603 1720 here
620 1699 700 1729 may
716 1699 814 1720 mean
831 1689 939 1720 either
955 1688 975 1701 “
990 1689 1059 1720 and
1075 1688 1094 1701 ’'
1111 1699 1148 1720 or
1165 1688 1184 1701 ‘⁸
1200 1688 1270 1721 or.”

254 1731 266 1750 ⁶
288 1731 359 1763 The
375 1732 586 1772 parenthesis
601 1742 754 1763 removes
769 1732 828 1763 the
844 1732 1011 1772 djffieulty
1027 1732 1066 1762 of
1076 1731 1144 1762 this
1160 1735 1328 1763 sentence.

252 1779 263 1792 ⁰
286 1774 395 1806 Littre
410 1775 471 1806 has
487 1787 493 1806 z
524 1775 543 1787 ‘⁶
560 1774 671 1806 bonne
687 1785 772 1816 pour
786 1774 994 1815 l'hysterie,”
1011 1774 1074 1805 but
1089 1775 1106 1805 Ι
1121 1774 1191 1805 find
1207 1776 1234 1806 it
1248 1774 1333 1806 hard
1349 1778 1385 1806 to

209 1817 412 1858 distinguish
430 1818 489 1849 the
507 1817 628 1858 phrase
647 1817 733 1849 from
752 1817 864 1848 vulvas
882 1827 1050 1848 conversas
1067 1817 1196 1856 corriqit
1214 1819 1248 1848 in
1267 1817 1387 1848 XXIV

238 1861 289 1891 22.

207 1861 221 1898 ἓ
250 1901 264 1920 ‘¹
287 1902 358 1934 The
376 1903 477 1934 Latin
496 1903 684 1934 Thesaurus
701 1904 793 1944 gives
811 1913 915 1943 many
933 1902 1105 1943 examples
1122 1903 1161 1933 of
1174 1903 1335 1942 adponere
1351 1904 1385 1934 in

208 1945 307 1986 Pliny
324 1946 405 1977 used
423 1946 461 1977 of
474 1948 604 1977 uterine
621 1946 858 1986 applications,
876 1945 939 1977 but
955 1947 983 1977 it
999 1947 1026 1977 is
1042 1945 1128 1977 hard
1144 1948 1181 1977 to
1197 1956 1251 1976 see
1267 1946 1343 1977 how
1359 1947 1386 1977 it

205 1987 320 2020 differs
338 1989 425 2020 from
443 1988 575 2019 subdere
592 1988 660 2019 and
678 1988 839 2019 subiectus
856 1989 890 2020 in
907 1988 922 2026 ἓ
943 1989 1014 2019 154.
1061 1988 1132 2020 The
1150 1988 1259 2020 Greek
1276 1988 1385 2019 words

206 2031 468 2074 corresponding
483 2042 539 2063 are
557 2031 734 2071 πρόσθετον
749 2031 817 2062 and
835 2031 1037 2071 προστίθημι.

208 2093 279 2140 376
