1459 2288
111 667 167 697 121

113 1093 172 1124 122

113 1360 172 1391 123

392 187 588 224 PLINY:
634 187 898 225 NATURAL
932 188 1168 227 HISTORY

193 293 382 327 siccatum
396 289 580 326 tunditur
594 295 636 326 et
649 292 688 325 in
703 289 881 338 pastillos
895 290 1100 340 digeritur.
1155 291 1194 328 hi
1207 292 1369 330 resoluti

193 344 340 380 dantur
365 346 404 379 in
431 345 508 379 vini
536 342 614 379 albi
640 343 794 392 cyathis
821 347 943 380 ternis
970 347 1128 381 tricenis
1154 345 1294 382 diebus
1320 346 1371 383 ad

194 397 352 439 lienem,
395 409 567 444 eumque
609 399 721 432 urina
761 403 972 433 cruentata
1013 404 1082 435 aut
1123 411 1194 447 per
1234 398 1366 436 alvum

192 451 378 492 absumit,
420 449 525 498 quod
566 449 815 499 intellegitur
855 463 878 486 a
917 450 1071 487 decimo
1111 454 1248 488 statim
1287 452 1366 489 die.

193 506 345 539 urinam
373 505 479 539 cient
508 508 550 539 et
577 501 671 538 folia
697 502 876 546 decocta,
905 516 1007 552 quae
1036 510 1078 541 et
1105 504 1370 554 orthopnoicis

192 561 368 606 prosunt.
424 561 582 604 partum
636 569 793 605 quoque
847 556 1038 594 adiuvant
1091 558 1364 608 secundasque

191 609 346 659 pellunt
365 615 461 658 pota
478 608 593 645 simili
611 608 740 645 modo.

241 662 359 699 XCV.
390 661 601 698 Pelecinon
626 665 666 698 in
690 662 894 711 segetibus
919 662 1090 700 diximus
1115 667 1235 708 nasci,
1259 664 1371 702 fruti-

192 729 323 752 cosam
344 715 557 758 cauliculis,
580 714 681 751 foliis
702 718 849 752 ciceris.
904 729 1041 752 semen
1062 719 1102 752 in
1123 717 1272 766 siliquis
1294 717 1372 755 fert

192 768 477 806 corniculorum
498 768 617 804 modo
637 768 799 805 aduncis
820 772 943 805 ternis
965 773 1232 819 quaternisve,
1254 771 1370 820 quale

191 825 250 872 git
284 825 476 863 novimus,
509 835 701 864 amarum,
734 822 939 859 stomacho
972 823 1082 860 utile.
1138 823 1299 860 additur
1330 827 1370 860 in

193 875 386 912 antidota.

242 928 382 965 XCVI.
414 927 604 978 Polygala
623 927 743 977 palmi
764 928 1020 966 altitudinem
1039 929 1180 979 inplet,
1200 933 1239 966 in
1259 930 1371 967 caule

193 995 347 1019 summo
376 980 477 1017 foliis
507 981 734 1024 lenticulae,
761 988 881 1031 gustu
911 982 1115 1025 adstricto,
1145 997 1246 1032 quae
1277 990 1371 1033 pota

193 1035 304 1072 lactis
324 1034 613 1071 abundantiam
632 1034 738 1071 facit.

242 1088 405 1125 XCVII.
436 1087 622 1124 Poterion
648 1094 731 1131 aut,
754 1094 800 1124 ut
823 1087 887 1124 alii
911 1095 1067 1132 vocant,
1091 1089 1287 1139 phrynion
1310 1090 1371 1127 vel

194 1155 336 1178 neuras
353 1141 461 1190 large
478 1140 654 1184 fruticat,
670 1144 791 1190 spinis
806 1142 1014 1185 retorrida,
1030 1142 1217 1192 lanugine
1233 1146 1370 1192 spissa,

192 1195 293 1232 foliis
312 1198 454 1244 parvis,
473 1194 668 1238 rotundis,
687 1194 846 1231 ramulis
865 1195 1005 1245 longis,
1025 1196 1222 1240 mollibus,
1241 1196 1372 1240 lentis,

192 1249 392 1292 tenuibus,
411 1247 506 1284 flore
524 1247 657 1297 longo,
675 1247 859 1285 herbacei
878 1249 1030 1291 coloris,
1049 1252 1208 1286 seminis
1227 1249 1372 1286 nullius

191 1315 283 1338 usus
304 1301 374 1338 sed
389 1307 510 1351 gustu
527 1307 644 1337 acuto
660 1307 701 1337 et
717 1301 893 1338 odorato.
948 1305 1147 1339 invenitur
1161 1305 1201 1339 in
1217 1306 1371 1353 aquosis

192 1355 369 1392 collibus.
424 1354 575 1391 radices
605 1353 729 1391 habet
759 1354 857 1391 duas
887 1361 957 1391 aut
987 1361 1068 1392 tres
1099 1356 1237 1392 binum
1266 1357 1371 1393 cubi-

194 1415 325 1445 torum
362 1411 403 1444 in
441 1407 711 1450 altitudinem,
751 1421 948 1451 nervosas,
986 1408 1189 1452 candidas,
1228 1409 1370 1446 firmas.

191 1460 488 1498 circumfoditur
517 1467 710 1498 autumno
741 1467 782 1498 et
817 1464 994 1510 praeciso
1028 1461 1199 1499 frutice1
1228 1463 1371 1499 radix2

191 1515 261 1552 dat
286 1528 423 1551 sucum
446 1514 558 1551 radix
587 1517 758 1564 gummis
789 1515 969 1551 similem.
1026 1518 1125 1552 mira
1144 1516 1371 1553 vulneribus

192 1568 376 1606 sanandis
408 1567 580 1604 traditur
610 1570 904 1617 praecipueque
935 1571 1064 1605 nervis
1096 1569 1157 1605 vel
1187 1572 1371 1619 praecisis

192 1622 318 1658 inlita.
373 1621 583 1658 decoctum
623 1634 781 1670 quoque
821 1624 905 1657 eius
944 1635 1034 1658 cmn
1072 1622 1193 1659 melle
1232 1629 1372 1672 potum

191 1675 471 1712 dissolutiones
504 1687 714 1711 nervorum
749 1680 791 1711 et
823 1674 1075 1712 infirmitates
1109 1682 1151 1712 et
1183 1678 1371 1712 incisuras

191 1732 311 1765 iuvat.

303 1799 314 1818 ¹
337 1799 488 1840 praeciso
506 1799 628 1830 frutice
645 1798 735 1830 codd.
752 1811 758 1830 :
790 1799 941 1840 praecisa
958 1799 1070 1831 radice
1089 1799 1252 1841 Mayhoff.

300 1843 312 1860 ²
335 1842 432 1873 radix
448 1841 509 1873 del.
527 1841 703 1881 Detlefsen.

234 1952 248 1966 α
271 1948 332 1979 See
349 1947 445 1978 Book
464 1946 586 1977 XVIII
603 1947 618 1985 ξ
636 1947 707 1977 155.

235 1990 247 2009 ⁶
270 1991 374 2021 What
388 1991 415 2021 is
429 1990 488 2020 the
502 1989 592 2020 force
606 1988 645 2019 of
655 1989 805 2020 novimus
819 1991 831 2020 ?
880 1989 899 2001 “
916 1989 998 2020 Like
1013 1991 1063 2031 git
1078 2001 1114 2021 as
1130 2001 1177 2021 we
1192 1990 1292 2021 know
1306 1990 1369 2028 it,“

190 2034 242 2065 i.e.
258 2035 292 2064 in
307 2034 365 2064 the
380 2032 467 2064 form
482 2032 521 2063 of
530 2032 701 2072 imported
715 2032 804 2063 seed.
854 2032 1003 2071 (A.C.A.)

234 2081 245 2095 ⁶
269 2075 432 2116 Polygala
450 2090 483 2101 =
502 2075 604 2106 much
623 2074 716 2106 milk.

188 2123 260 2166 464
