1459 2288
113 297 169 328 137

115 670 172 701 138

118 1258 176 1287 139

391 187 586 224 PLINY:
633 187 896 224 NATURAL
930 186 1166 224 HISTORY

241 291 323 328 CX.
351 291 572 340 Telephion
604 290 822 340 porcilacae
853 290 989 326 similis
1021 297 1082 327 est
1113 296 1155 327 et
1185 290 1296 327 caule
1328 297 1370 327 et

192 344 306 381 foliis.
361 348 457 381 rami
498 357 522 380 a
559 344 691 380 radice
730 349 887 393 septem
927 346 1140 392 octonique
1180 342 1370 380 fruticant

193 398 293 435 foliis
318 401 469 441 crassis,
493 400 676 433 carnosis.
731 399 905 433 nascitur
928 399 967 433 in
991 397 1106 433 cultis
1132 403 1174 433 et
1197 400 1370 433 maxime

192 455 296 488 inter
344 454 455 487 vites.
511 450 690 487 inlinitur
736 450 919 499 lentigini
967 456 1022 493 et,
1069 463 1159 486 cum
1206 452 1366 493 inaruit,

193 505 401 541 deteritur.
456 503 635 540 inlinitur
653 510 695 540 et
713 503 896 553 vitiligini
914 506 1037 540 ternis
1055 502 1138 540 fere
1157 504 1371 546 mensibus,

194 561 297 595 senis
325 557 427 594 horis
456 560 580 593 noctis
609 563 679 593 aut
706 557 815 600 diei,l
843 562 983 605 postea
1010 555 1136 593 farina
1162 556 1372 593 hordeacia

195 611 394 648 inlinatur.
448 610 634 647 medetur
653 616 694 647 et
712 610 938 646 vulneribus
958 615 1000 646 et
1019 609 1170 646 fistulis.

243 664 346 700 CXI.
375 664 408 700 T
410 663 654 700 richomanes
676 663 838 700 adianto
858 663 982 699 simile
1005 669 1079 707 est,
1100 662 1238 699 exilius
1254 662 1373 699 modo

194 720 436 768 nigriusque,
465 716 566 753 foliis
598 717 809 753 lenticulae
841 716 985 760 densis,
1015 715 1174 766 parvis‚2
1200 716 1372 753 adversis

194 775 298 808 inter
329 784 382 807 se.
437 770 647 807 decoctum
679 773 762 806 eius
793 773 1035 819 strangurias
1067 776 1181 806 sanat
1211 773 1251 806 in
1281 772 1371 806 vino

195 825 284 861 albo
312 831 452 874 potum
481 824 618 860 addito
646 826 802 860 cumino
830 826 987 860 rustico.
1044 836 1153 859 esum
1170 823 1186 846 3
1213 822 1373 860 cohibet

195 878 355 927 capillos
374 877 558 921 fluentes,
577 883 647 914 aut
664 880 695 914 si
714 877 951 920 effluxerint,
970 883 1142 925 reparat,
1162 876 1373 926 alopecias-

196 945 272 981 que
297 931 440 967 densat
465 934 605 967 tritum
631 936 672 967 et
696 933 736 966 in
761 930 849 966 oleo
872 930 1042 966 inlitum.
1097 935 1372 966 sternumenta

196 998 354 1034 quoque
373 990 537 1034 gustatu
557 989 704 1020 movet.

246 1038 372 1075 CXII.
401 1037 645 1074 Thalictrum
673 1036 767 1073 folia
795 1036 987 1073 coriandri
1015 1036 1138 1073 habet
1167 1039 1374 1086 pinguiora

196 1092 327 1141 paulo,
345 1091 498 1127 caulem
516 1093 734 1140 papaveris.
790 1093 964 1126 nascitur
980 1090 1142 1138 ubique,
1160 1092 1372 1138 praecipue

196 1148 235 1181 in
282 1145 582 1194 campestribus.
637 1143 851 1180 medentur
898 1143 1092 1179 ulceribus
1140 1142 1234 1179 folia
1280 1156 1369 1179 cum

197 1198 327 1234 melle.

247 1251 395 1288 CXIII.
424 1250 584 1300 Thlaspi
621 1250 790 1286 duorum
826 1263 1020 1299 generum
1057 1255 1140 1286 est:
1192 1251 1370 1299 angustis

198 1304 298 1341 foliis
313 1304 468 1354 digitali
480 1303 693 1340 latitudine
709 1310 750 1340 et
762 1303 1013 1353 longitudine
1026 1306 1065 1339 in
1079 1309 1226 1339 terram
1241 1305 1374 1345 versis,

197 1362 237 1394 in
267 1361 471 1394 cacumine
502 1357 648 1399 divisis,
680 1356 871 1393 cauliculo
902 1356 1149 1406 semipedali,
1181 1369 1259 1393 non
1290 1359 1374 1392 sine

198 1414 328 1455 ramis,
368 1411 568 1460 peltarum
608 1413 739 1459 specie
780 1413 930 1446 semine
970 1409 1121 1446 incluso
1160 1409 1374 1446 lenticulae

197 1466 340 1513 effigie,
362 1467 434 1500 nisi
457 1464 563 1513 quod
585 1463 824 1513 infringitur,
847 1463 953 1500 unde
975 1476 1133 1500 nomen.
1187 1462 1257 1500 flos
1280 1462 1375 1499 albi-

198 1525 273 1555 cat.
329 1521 502 1554 nascitur
526 1521 566 1553 in
591 1520 741 1553 semitis
768 1523 809 1554 et
834 1517 1030 1566 saepibus.
1084 1529 1221 1553 semen
1247 1518 1373 1565 asperi

198 1578 337 1622 gustus
363 1571 483 1607 bilem
511 1577 553 1608 et
578 1573 765 1620 pituitam
792 1573 991 1620 utrimque
1019 1569 1207 1613 extrahit,
1233 1569 1374 1606 modus

253 1674 262 1691 ¹
287 1674 352 1704 Hic
367 1677 402 1705 et
418 1677 457 1704 ut
472 1673 547 1704 add.
565 1672 739 1713 Mayhoff:
770 1676 831 1703 aut
848 1672 961 1703 VRd1.

250 1719 261 1736 2
285 1717 399 1757 parvis
416 1727 431 1747 e
449 1715 670 1755 Theophrasto
688 1715 767 1755 (VII
789 1716 838 1746 14.
860 1716 889 1753 1)
908 1714 1083 1755 Mayhoff:
1114 1715 1239 1746 amaris
1255 1713 1344 1746 codd.

249 1760 261 1778 ³
283 1770 378 1790 esum
396 1759 504 1790 Ianus
519 1771 525 1790 :
558 1757 679 1789 lienem
698 1758 854 1798 Mayhoff
867 1757 937 1788 coll.
956 1757 1066 1789 Diosc.
1084 1770 1090 1789 :
1122 1757 1229 1788 iesum
1247 1756 1336 1788 codd.

223 1892 254 1937 ‘“
277 1887 371 1943 Witgi
399 1886 584 1928 Mayhoff’s
612 1887 767 1918 addition
796 1885 835 1917 of
858 1885 989 1922 lienem,
1016 1884 1119 1917 “and
1147 1884 1218 1916 also
1247 1884 1373 1925 splenio

196 1931 339 2005 dhfglgge
356 1973 412 2004 list
429 1973 468 2004 of
480 1973 636 2004 diseases.

242 2021 253 2036 ⁰
277 2016 489 2047 Dioscorides
506 2015 554 2046 IV
571 2016 635 2047 97:
673 2015 775 2055 φύλλα
801 2039 808 2046 .
834 2039 841 2046 .
869 2039 876 2046 .
900 2014 1113 2055 λιπαρώτερα.

242 2058 256 2077 ‘³
280 2059 340 2090 See
354 2059 566 2090 Dioscorides
583 2058 618 2089 II
638 2058 717 2090 156:
742 2058 838 2090 οἱονεὶ
856 2057 1116 2098 ἐντεθλασμένον.
1165 2056 1273 2088 Peleoi».
1289 2065 1375 2088 were

201 2133 272 2168 474
