1459 2288
98 214 138 244 88

100 566 140 596 89

96 1034 138 1065 90

95 1386 132 1416 91

372 105 568 143 PLINY:
614 106 878 144 NATURAL
911 107 1149 146 HISTORY

217 209 283 246 LI.
313 208 495 259 Cognata
519 211 559 245 in
584 209 774 259 Aegypto
803 222 865 245 res
895 215 957 245 est
984 209 1193 247 harundini
1221 224 1340 261 papy-

166 267 283 310 rum,1
304 270 541 317 praecipuae
564 267 762 310 utilitatis,
786 281 876 304 cum
900 270 1059 312 inaruit,
1080 269 1131 305 ad
1154 269 1343 306 laxandas

165 326 446 375 siccandasque
476 325 626 362 fistulas
657 331 698 362 et
726 326 1028 363 intumescendo
1058 327 1108 364 ad
1137 330 1343 364 introitum

165 385 548 421 medicamentorum
575 385 821 433 aperiendas.
876 384 1013 421 charta
1034 399 1137 435 quae
1159 385 1203 422 fit
1224 399 1273 422 ex
1294 399 1341 423 eo

165 449 341 480 cremata
364 446 468 479 inter
489 445 663 479 caustica
687 448 759 479 est.
815 445 910 479 cinis
934 446 1016 480 eius
1041 457 1090 480 ex
1113 447 1202 481 vino
1225 451 1342 494 potus

165 515 347 538 somnum
368 501 476 545 facit,
496 504 581 550 ipsa
601 514 649 537 ex
671 514 774 550 aqua
793 503 964 551 inposita
983 501 1126 538 callum
1146 509 1272 539 sanat.

218 560 307 597 LII.
338 560 398 596 Ne
422 563 461 596 in
485 561 674 610 Aegypto
698 560 860 609 quidem
883 563 1058 597 nascitur
1079 560 1275 606 hebenus,
1299 568 1343 599 ut

165 619 383 662 docuimus,
409 632 481 655 nec
507 624 724 655 tractamus
750 621 791 655 in
814 619 1013 655 medicina
1038 619 1186 656 alienos
1212 621 1340 664 orbes,

164 691 242 714 non
275 680 486 713 omittetur
518 683 654 713 tamen
687 682 850 726 propter
881 677 1127 714 miraculum.
1183 679 1342 716 scobem

167 739 248 772 eius
275 736 395 772 oculis
422 738 536 772 unice
562 736 714 772 mederi
741 736 893 779 dicunt,
919 736 1107 786 lignoque
1134 737 1184 774 ad
1210 743 1341 774 cotem

165 797 258 830 trito
275 807 363 830 cum
382 807 496 843 passo
513 794 722 844 caliginem
740 794 897 838 discuti,
914 808 963 831 ex
981 808 1085 844 aqua
1101 808 1194 832 vero
1210 796 1341 833 radice

164 853 369 903 albugines
395 853 610 896 oculorum,
635 855 733 889 item
758 856 897 889 tussim
923 856 1007 903 pari
1033 854 1151 891 modo
1175 854 1340 891 dracun-

163 911 237 948 culi
262 911 401 948 radicis
427 911 582 948 adiecto
606 925 695 947 cum
720 912 850 948 melle.
905 912 1106 949 hebenum
1130 913 1273 950 medici
1299 919 1341 950 et

163 972 267 1006 inter
287 970 493 1006 erodentia
513 970 740 1006 adsumunt.

215 1029 326 1065 LIII.
356 1029 668 1066 Rhododendros
696 1042 746 1066 ne
774 1042 919 1066 nomen
948 1030 1109 1079 quidem
1138 1031 1244 1080 apud
1272 1045 1342 1068 nos

163 1090 313 1124 invenit
335 1087 537 1131 Latinum,
558 1087 871 1137 rhododaphnen
900 1094 1043 1125 vocant
1073 1094 1142 1126 aut
1172 1092 1338 1126 nerium.

163 1149 306 1182 mirum
327 1145 420 1182 folia
440 1149 522 1182 eius
543 1147 834 1196 quadripedum
854 1160 1053 1184 venenum
1074 1161 1174 1192 esse,
1193 1148 1339 1185 homini

163 1218 255 1241 vero
278 1210 415 1242 contra
438 1211 644 1254 serpentes
668 1206 909 1255 praesidium
932 1212 1023 1243 ruta
1046 1207 1183 1244 addita
1207 1221 1228 1244 e
1252 1211 1341 1244 vino

162 1269 269 1313 pota.
324 1277 444 1312 pecus
471 1267 592 1300 etiam
620 1270 661 1300 et
687 1277 844 1313 caprae,
871 1267 901 1301 si
929 1278 1075 1314 aquam
1100 1266 1276 1303 biberint
1301 1269 1339 1303 in

163 1335 241 1371 qua
260 1321 351 1358 folia
373 1335 421 1358 ea
439 1323 680 1366 maduerint,
700 1325 798 1359 mori
818 1323 1016 1360 dicuntur.

214 1380 317 1417 LIV.
348 1381 430 1417 Nec
465 1381 557 1417 rhus
594 1381 784 1418 Latinum
819 1395 966 1419 nomen
999 1382 1137 1427 habet,
1173 1396 1263 1420 cum
1299 1387 1337 1420 in

162 1453 276 1475 usum
316 1439 493 1488 pluribus
532 1440 659 1476 modis
700 1443 845 1476 veniat.
901 1454 993 1477 nam
1035 1447 1075 1478 et
1114 1441 1239 1478 herba
1279 1449 1340 1479 est

161 1497 361 1540 silvestris,
373 1497 473 1534 foliis
490 1501 625 1548 myrti,
638 1498 837 1535 cauliculis
853 1499 1053 1543 brevibus,
1067 1513 1169 1549 quae
1186 1504 1339 1537 taenias

489 1574 497 1592 ¹
520 1574 686 1606 Nonnulli
702 1586 855 1617 papyrus
869 1576 997 1609 malint.

203 1711 217 1725 ⁰
240 1707 332 1738 Both
356 1707 464 1738 Littre
488 1709 557 1740 and
582 1707 639 1738 the
664 1708 763 1739 Bohn
788 1709 990 1740 translators
1014 1709 1223 1741 understand
1242 1711 1337 1743 herba

162 1751 243 1781 with
259 1750 346 1790 ipsa,
364 1751 567 1791 translating
584 1761 620 1782 as
638 1752 670 1781 in
688 1751 747 1782 the
764 1755 851 1782 text.
898 1751 968 1782 But
984 1753 1043 1784 the
1059 1753 1190 1784 sudden
1209 1753 1336 1795 change

161 1794 200 1824 of
219 1793 343 1833 gender
367 1792 454 1824 from
480 1798 599 1825 neuter
623 1797 660 1824 to
683 1793 842 1825 feminine
864 1795 890 1825 is
912 1795 1081 1836 startling,
1104 1796 1172 1827 and
1193 1796 1337 1838 perhaps

161 1836 242 1867 with
259 1836 334 1875 ipsa
350 1836 377 1866 is
394 1839 430 1866 to
447 1835 488 1867 be
505 1836 712 1868 understood
728 1837 852 1869 charta.

207 1878 218 1897 ὸ
242 1878 302 1909 See
320 1879 402 1909 XII.
421 1880 434 1918 ἓ
454 1880 503 1910 17.

203 1926 213 1939 ⁰
240 1921 347 1952 These
374 1932 430 1952 are
458 1922 503 1953 all
531 1921 640 1953 Greek
665 1922 796 1953 words:
833 1923 1040 1964 ῥοδόδενδρος
1068 1935 1106 1955 or
1131 1924 1337 1965 ρὀδόδενδρον

163 1968 248 2003 (rose
272 1968 369 2004 tree)‚
392 1964 573 2006 ῥοδοδάφνη
599 1968 685 2005 (rose
714 1965 795 2006 bay)
819 1966 888 1997 and
912 1966 1030 2006 νήριον.
1078 1967 1148 1998 The
1175 1967 1281 1999 shrub
1310 1969 1336 1998 is

163 2026 208 2060 66
