1459 2288
124 516 163 547 61

127 1209 168 1239 63

390 141 585 179 PLINY:
631 141 894 179 NATURAL
927 141 1164 179 HISTORY

191 249 329 296 apricis
350 249 465 283 saxis.
519 245 684 282 diluitur
703 248 743 281 in
763 249 852 282 vino
871 246 1100 295 bibiturque
1122 245 1172 282 ad
1191 245 1368 282 dolorem

191 300 331 336 vulvae
355 305 397 336 et
418 301 526 335 vitia.
581 301 771 335 macerari
794 305 954 348 oportet
976 301 1016 335 in
1038 301 1220 335 sextariis
1243 299 1369 335 tribus

191 353 456 402 quadrantem
498 351 639 388 radicis
681 358 795 388 tusae
839 358 955 389 nocte
999 358 1041 388 et
1080 351 1198 395 die13
1247 351 1370 388 trahit

192 406 333 443 eadem
362 408 471 455 potio
501 405 570 442 et²
600 405 804 442 secundas.
859 408 1010 442 semine
1039 404 1098 441 lac
1127 404 1298 442 minuit3
1330 407 1369 441 in

191 463 281 496 vino
301 465 371 495 aut
389 458 517 495 mulsa
536 472 640 508 aqua
658 465 765 508 poto.

240 511 428 548 XXXIX.
459 511 610 548 Cirsion
638 511 852 548 cauliculus
882 517 942 548 est
970 517 1086 548 tener
1113 510 1236 547 duum
1264 511 1370 547 cubi-

191 572 336 608 torum,
365 565 564 615 triangulo
591 565 740 608 similis,
768 563 870 601 foliis
899 567 1064 614 spinosis
1092 563 1369 601 circumdatus.

192 622 328 668 spinae
374 618 513 654 molles
558 624 663 655 sunt.
718 617 813 654 folia
858 618 967 654 bovis
1011 617 1171 667 linguae
1217 617 1371 660 similia,

191 675 357 714 minora,
385 671 643 715 subcandida,
671 674 711 707 in
739 673 943 707 cacumine
971 670 1146 720 capitula
1173 683 1372 719 purpurea

193 738 295 775 quae
309 725 517 761 solvuntur
528 727 568 761 in
580 725 800 774 lanugines.
854 724 956 760 hanc
967 723 1132 760 herbam
1145 723 1369 760 radicemve

194 782 277 815 eius
297 778 554 828 adalligatam
573 777 727 814 dolores
746 780 919 814 varicum
939 790 1077 814 sanare
1096 777 1273 814 tradunt.

243 831 327 868 XL.
358 831 637 881 Crataegonon
666 834 796 880 spicae
825 833 946 867 tritici
975 830 1101 867 simile
1131 836 1205 873 est,
1234 829 1370 866 multis

193 885 352 921 calamis
393 898 442 921 ex
481 898 561 921 una
598 884 729 921 radice
770 884 1031 921 emicantibus
1070 883 1370 932 multorumque

193 937 479 988 geniculorum,
516 941 556 974 in
593 940 738 987 opaciS,
775 940 926 974 semine
962 937 1073 980 milii,
1110 936 1372 973 vehementer

193 1005 333 1040 aspero
364 997 498 1040 gustu,
530 991 636 1040 quod
667 993 697 1027 si
729 991 870 1027 bibant
901 1004 950 1027 ex
982 993 1072 1026 vino
1103 996 1197 1027 ante
1228 1003 1370 1026 cenam

193 1045 319 1081 tribus
344 1044 468 1080 obolis
491 1047 532 1080 in
556 1043 709 1094 cyathis
735 1057 862 1093 aquae
887 1043 1058 1080 totidem
1082 1043 1223 1079 mulier
1247 1056 1291 1079 ac
1317 1045 1374 1078 vir

195 1104 289 1134 ante
332 1104 570 1147 conceptum
613 1097 754 1134 diebus
796 1109 855 1140 XL,
900 1096 1017 1133 virilis
1058 1110 1174 1133 sexus
1216 1102 1372 1145 partum

194 1150 373 1188 futurum
399 1153 522 1187 aiunt.
578 1157 621 1187 et
645 1150 722 1187 alia
747 1157 807 1188 est
832 1156 1092 1200 crataegonos
1117 1162 1220 1199 quae
1244 1149 1374 1199 thely-

192 1218 316 1255 gonos
341 1211 515 1241 vocatur.
570 1203 795 1240 differentia
818 1203 1068 1253 intellegitur
1091 1203 1260 1240 lenitate
1284 1216 1374 1252 gus-

194 1265 271 1294 tus.
326 1264 419 1294 sunt
444 1260 511 1307 qui
536 1256 673 1294 florem
698 1259 927 1307 crataegoni
952 1257 1137 1293 bibentes
1162 1255 1372 1292 mulierum

195 1314 299 1348 intra
331 1323 378 1346 XL
409 1310 515 1347 diem
553 1313 760 1359 concipere
793 1310 969 1347 tradant.
1028 1309 1194 1346 eaedem
1232 1315 1374 1346 sanant

195 1364 328 1401 ulcera
345 1370 482 1401 vetera
500 1367 612 1413 nigra
630 1377 720 1400 cum
737 1363 870 1407 melle,
890 1363 1055 1412 explent
1073 1366 1178 1399 sinus
1197 1362 1374 1399 ulcerum

197 1424 238 1454 et
264 1417 432 1467 atropha
457 1420 678 1453 carnosiora
704 1416 868 1460 faciunt,
895 1416 1110 1466 purulenta
1135 1422 1373 1466 expurgant,

196 1484 318 1520 panos
357 1470 590 1514 discutiunt,
628 1470 824 1520 podagras
863 1470 1198 1519 collectionesque
1237 1482 1374 1506 omnes

201 1564 381 1647 DlllrJOCoe
403 1567 438 1595 et
461 1564 515 1595 die
534 1563 650 1604 plures
672 1563 775 1600 codd„
801 1563 958 1603 Mayhoff
969 1575 976 1594 ι
1013 1566 1151 1594 noctem
1174 1566 1209 1593 et
1232 1562 1322 1593 diem
1344 1561 1373 1592 E

234 1618 248 1638 e
274 1618 291 1638 e
306 1618 374 1638 sen.

245 1651 257 1669 ²
280 1650 374 1690 potio
389 1653 424 1681 et
438 1648 542 1685 codd„
558 1648 723 1689 Detlefsen
738 1661 744 1679 :
774 1649 913 1689 potione
931 1648 1092 1688 Mayhoff.

243 1691 256 1710 ³
279 1693 403 1724 minuit
421 1692 458 1722 in
474 1692 569 1723 uncis
583 1692 679 1731 ponit
696 1691 860 1732 JIayhoff,
878 1690 1105 1722 Dioscoridem
1120 1693 1259 1722 secutus.

238 1841 252 1856 ⁰
275 1836 491 1868 Dioscorides
519 1836 588 1876 (III
617 1836 691 1875 119)
719 1835 780 1867 has
806 1834 890 1875 γάλα
920 1838 1082 1875 κατασπᾷ,
1106 1834 1174 1866 and
1205 1834 1374 1866 therefore

196 1879 352 1921 Mayhoff
390 1879 547 1911 brackets
586 1878 722 1910 minuit.
769 1878 920 1919 Perhaps
962 1878 1061 1918 Pliny
1103 1877 1254 1918 thought
1296 1877 1374 1908 that

198 1926 349 1962 κατασπᾷ
365 1932 481 1953 means
498 1921 517 1934 ‘⁶
532 1922 634 1962 keeps
651 1921 786 1961 (draws)
803 1931 899 1962 away
914 1921 1003 1952 from
1018 1921 1077 1952 the
1092 1920 1259 1952 breasts.’'

241 1964 253 1984 ὁ
276 1966 305 1996 A
334 1965 352 1977 ‘⁴
367 1965 436 1997 soft
460 1964 586 2006 prickle
601 1964 620 1977 '’
647 1975 727 2005 may
752 1964 863 1995 sound
890 1967 1038 2004 strange,
1064 1963 1128 1994 but
1151 1964 1179 1994 is
1206 1963 1299 2003 quite
1325 1962 1372 1994 in-

199 2008 370 2049 telligible.
416 2007 566 2049 Perhaps
582 2007 660 2039 here
679 2007 697 2019 ‘⁶
712 2008 807 2048 spine
822 2006 841 2019 '²
859 2006 969 2047 might
986 2007 1026 2038 be
1043 2006 1164 2039 better.

197 2071 267 2114 426
