1459 2288
85 1313 125 1343 33

358 82 553 120 PLINY:
599 83 862 120 NATURAL
896 84 1132 121 HISTORY

154 188 258 222 inter
294 188 505 235 peregrina
542 185 759 222 docuimus.
814 185 855 222 id
891 186 997 235 quod
1035 198 1057 221 e
1095 185 1333 223 Macedonia

153 260 332 297 adfertur
358 259 563 296 bucolicon
591 265 733 296 vocant
760 262 1008 296 armentariis
1036 266 1178 309 sponte
1206 274 1333 297 erum-

153 341 318 385 pentem
387 348 525 371 sucum
594 335 907 384 excipientibus3
988 334 1062 371 hoc
1128 335 1332 372 celerrime

153 412 364 446 evanescit.
420 415 463 446 et
494 411 534 445 in
568 409 652 445 aliis
686 415 822 446 autem
854 410 1069 459 generibus
1102 410 1334 459 inprobatur

151 487 325 521 maxime
355 487 512 534 nigrum
542 497 586 520 ac
615 483 746 520 molle.
801 484 841 520 id
871 486 976 520 enim
1007 490 1243 534 argumento
1273 491 1334 521 est

153 573 243 596 cera
260 559 488 596 adulterati.

203 634 296 670 XII.
326 634 511 671 Alterum
561 647 687 684 genus
738 633 947 670 heracleon
999 639 1141 671 vocant
1192 640 1233 671 et
1284 635 1333 671 ab

153 709 325 746 Hercule
354 712 563 746 inventum
592 709 770 752 tradunt,
801 708 865 745 alii
895 711 1099 759 origanum
1135 708 1332 746 heracleo-

152 787 275 820 ticum
316 790 386 820 aut
426 783 619 827 silvestre,
661 786 848 833 quoniam
890 790 951 820 est
991 786 1153 834 origano
1193 784 1333 827 simile,

150 859 282 896 radice
303 859 456 902 inutili3
495 858 544 895 de
567 872 645 908 quo
666 861 827 908 origano
849 858 1050 895 diximus}

202 934 318 970 XIII.
348 934 528 970 Tertium
568 947 737 983 panaces
776 933 995 970 chironium
1033 936 1334 983 cognominatur

152 1009 202 1045 ab
243 1011 462 1045 inventore.
517 1008 657 1045 folium
700 1011 782 1045 eius
824 1008 951 1045 simile
992 1008 1167 1058 lapatho,
1207 1011 1334 1045 maius

152 1089 289 1120 tamen
307 1090 348 1120 et
364 1084 566 1127 hirsutius,
584 1083 653 1120 flos
672 1096 827 1127 aureus,
845 1083 959 1120 radix
975 1097 1107 1133 parva.
1162 1086 1335 1120 nascitur

151 1159 366 1208 pinguibus
415 1158 520 1195 locis.
575 1158 691 1195 huius
738 1157 808 1194 flos
857 1157 1158 1202 efficacissimus,
1207 1171 1334 1208 eoque

152 1233 321 1283 amplius
343 1247 462 1283 quam
485 1247 603 1283 supra
623 1233 731 1270 dicta
751 1233 925 1282 prodest.

202 1308 309 1344 XIV.
339 1308 537 1354 Quartum
557 1308 718 1358 genus‚²
738 1321 908 1358 panaces
930 1308 979 1344 ab
1001 1308 1142 1345 eodem
1163 1307 1334 1345 Chirone

151 1389 355 1432 repertum
387 1386 619 1420 centaurion
651 1385 966 1433 cognominatur,
995 1383 1065 1419 sed
1097 1389 1138 1420 et
1166 1383 1334 1432 pharna-

152 1472 250 1495 ceon
287 1460 327 1494 in
363 1460 631 1495 controversia
666 1460 904 1494 inventionis
942 1471 964 1494 a
1000 1455 1202 1494 Pharnace
1238 1471 1334 1508 rege

152 1533 384 1570 deductum.
439 1536 584 1569 seritur
625 1532 712 1576 hoc,
754 1532 996 1583 longioribus
1039 1545 1157 1582 quam
1200 1539 1335 1569 cetera

152 1607 253 1645 foliis
286 1614 327 1645 et
361 1611 532 1645 serratis.
588 1608 699 1644 radix
731 1607 897 1644 odorata
926 1609 966 1644 in
996 1607 1137 1644 umbra
1167 1610 1335 1644 siccatur

188 1718 200 1737 1
225 1718 332 1748 simile
350 1717 391 1747 de
409 1727 476 1757 quo
493 1717 652 1753 diximus,
672 1716 784 1747 radice
801 1716 926 1748 inutili.
945 1717 1029 1747 coni.
1055 1716 1288 1756 Warminqton.

188 1761 200 1780 ²
224 1762 344 1802 genus]
361 1761 397 1791 in
413 1760 510 1791 uncis
523 1761 619 1800 ponit
635 1760 811 1801 Maylzoff:
842 1763 947 1791 servat
963 1759 1146 1792 Brakman.

195 1867 209 1881 ⁶
233 1862 293 1894 See
316 1862 375 1893 the
398 1862 506 1893 whole
530 1861 569 1893 of
588 1862 670 1893 XII.
695 1863 726 1902 ἐξ
752 1863 824 1898 127,
852 1863 924 1898 128,
945 1862 1126 1902 especially
1149 1861 1208 1892 the
1232 1861 1334 1893 latter

149 1909 228 1947 part
244 1905 308 1945 of§
326 1907 386 1936 127
402 1918 408 1936 :
437 1905 562 1936 semine
576 1905 754 1936 muscariis
769 1903 966 1944 dependente
980 1905 1165 1945 utfcrulae.
1212 1905 1332 1944 excipi-

149 1953 202 1979 tur
230 1958 329 1980 sucus
363 1948 468 1980 inciso
501 1948 593 1979 caule
624 1948 796 1985 messibus,
821 1947 930 1978 radice
961 1952 1133 1979 autumno.
1180 1946 1334 1979 laudatur

154 2011 221 2057 158
