1459 2288
109 373 148 403 75

110 851 149 882 76

108 1331 147 1360 77

373 156 568 193 PLINY:
615 157 878 194 NATURAL
911 157 1148 194 HISTORY

173 275 262 298 cum
303 261 370 297 lini
412 264 563 297 semine
603 266 717 297 cocta
756 261 980 297 sorbitionis
1020 274 1092 297 usu
1133 261 1349 311 dysinteria

173 315 328 351 liberat.

225 367 291 404 LI.
322 367 548 416 Empetros,
586 380 706 416 quam
744 370 866 403 nostri
904 366 1156 416 calcifragam
1195 373 1349 409 vocant,

175 423 348 457 nascitur
372 423 412 456 in
438 420 639 456 montibus
665 423 886 463 maritimis,
912 419 995 456 fere
1021 423 1061 456 in
1086 433 1193 456 saxo.
1248 433 1350 469 quae

174 476 333 523 propius
361 476 458 509 mari
486 472 562 510 fuit
589 473 691 510 salsa
718 479 779 509 est
806 479 982 522 potaque
1009 473 1133 510 trahit
1159 473 1280 510 bilem
1306 486 1351 510 ac

174 530 353 576 pituitaS,
395 540 497 576 quae
539 526 692 576 longius
733 529 940 576 magisque
980 533 1141 563 terrena
1180 529 1351 563 amarior

175 583 358 617 sentitur.
413 579 535 616 trahit
581 593 740 629 aquam,
785 583 954 616 sumitur
999 586 1135 616 autem
1181 583 1219 616 in
1266 582 1350 616 iure

175 633 307 682 aliquo
337 639 408 669 aut
445 636 485 669 in
522 632 803 682 hydromelite,
834 639 1037 669 vetustate
1066 636 1166 669 vires
1206 632 1351 682 perdit,

175 700 311 723 recens
351 689 482 722 urinas
521 689 601 722 ciet
639 686 849 723 decoctum
888 689 927 722 in
967 699 1071 735 aqua
1110 686 1171 722 vel
1210 689 1350 723 tritum

175 740 423 788 calculosque
450 738 609 789 frangit.
665 742 731 789 qui
757 739 877 776 fidem
902 742 1092 789 promisso
1117 739 1207 775 huie
1232 752 1352 788 quae-

174 799 280 836 runt,
300 793 513 829 adfirmant
532 792 684 842 lapillos
705 796 771 842 qui
791 792 1076 830 subfervefiant
1095 806 1174 829 una
1192 795 1334 842 rumpi.

225 846 314 882 LII.
344 846 542 895 Epicactis
575 847 625 882 ab
657 846 742 882 aliis
775 846 992 883 elleborine
1024 852 1200 889 vocatur,
1233 859 1353 895 parva

174 899 311 942 herba,
327 902 479 949 exiguis
494 898 611 942 foliis,
626 902 804 936 iocineris
819 902 922 936 vitiis
937 899 1145 936 utilissima
1160 905 1201 936 et
1215 905 1353 936 contra

176 966 331 990 venena
349 959 456 1002 pota.

227 1006 338 1042 LIII.
368 1005 606 1055 Epimedion
635 1005 756 1042 caulis
787 1012 847 1042 est
876 1019 955 1042 non
983 1019 1151 1055 magnus
1179 1005 1352 1042 hederae

175 1058 276 1096 foliis
297 1059 409 1096 denis
431 1065 553 1108 atque
575 1059 782 1102 duodenis,
803 1072 1022 1108 numquam
1043 1058 1200 1102 florens,
1221 1058 1352 1095 radice

174 1115 439 1163 tenui,nigra,
452 1115 561 1162 gravi
581 1112 701 1149 odore
722 1112 792 1148 acl
824 1141 831 1148 .
865 1141 872 1148 .
906 1141 913 1148 .
943 1115 982 1148 in
1003 1112 1146 1148 umidis
1166 1115 1351 1149 nascitur.

175 1172 218 1203 et
254 1166 344 1202 huic
389 1166 582 1215 spissandi
626 1165 967 1215 refrigerandique
1005 1172 1161 1209 natura,
1196 1164 1351 1202 feminis

175 1219 363 1256 cavenda.
418 1219 513 1255 folia
557 1222 596 1255 in
642 1222 732 1255 vino
775 1222 872 1256 trita
916 1222 1112 1269 virginum
1156 1232 1352 1255 mammas

175 1272 374 1309 cohibent.

224 1325 327 1362 LIV.
357 1325 665 1375 Enneaphyllon
716 1325 833 1375 longa
883 1324 977 1362 folia
1026 1338 1182 1362 novena
1229 1325 1353 1362 habet

176 1382 375 1416 causticae
404 1385 583 1415 naturae.
638 1381 840 1428 inponitur
868 1378 959 1415 lana
986 1378 1274 1415 circumdatum
1302 1391 1352 1414 ne

176 1439 266 1469 urat
284 1432 416 1475 latius,
435 1435 623 1468 continuo
643 1435 748 1468 enim
767 1431 926 1481 pusulas
947 1435 1110 1475 excitat,
1129 1432 1352 1468 lumborum

175 1486 374 1523 doloribus
395 1492 436 1522 et
455 1485 715 1522 coxendicum
735 1485 997 1522 utilissimum.

224 1539 304 1575 LV.
336 1539 463 1575 Filicis
498 1539 577 1575 duo
611 1552 772 1588 genera.
827 1552 900 1575 nec
933 1538 1070 1575 florem
1100 1538 1251 1575 habent
1279 1551 1353 1575 nec

176 1606 324 1629 semen.
366 1595 511 1642 pterim
529 1598 672 1629 vocant
691 1592 846 1635 Graeci,
865 1592 929 1628 alii
946 1591 1156 1635 blachnon,
1175 1594 1284 1628 cuius
1303 1604 1352 1628 ex

228 1677 239 1696 ¹
263 1688 303 1709 ac
333 1677 437 1708 VdT:
483 1677 546 1708 hac
577 1677 630 1708 R:
674 1687 738 1708 om.
771 1677 798 1707 E
829 1676 937 1717 Silliy,
968 1676 1154 1717 Detlefsen:
1199 1677 1353 1707 lacunam

184 1720 305 1751 indicat
321 1719 478 1760 Maylzoff
490 1730 505 1750 e
521 1719 634 1751 Dio-sc.
650 1719 704 1751 IV
721 1722 762 1752 19
779 1720 875 1760 (ῥίζαι
901 1744 909 1751 .
936 1744 943 1751 .
970 1744 977 1751 .
1001 1720 1189 1761 γευσαμένῳ
1204 1720 1343 1761 μωραί).

221 1862 237 1876 ‘¹
258 1857 368 1888 Littre
383 1869 390 1888 :
418 1855 436 1867 “
451 1859 546 1887 entre
563 1856 652 1887 deux
669 1855 808 1896 linges.''

223 1900 236 1920 ⁶
258 1899 367 1931 Littrfe
383 1912 390 1930 ε
418 1898 436 1910 “
451 1900 539 1940 prise
555 1909 596 1930 en
613 1898 771 1939 potage.”

220 1948 231 1962 ⁶
255 1943 302 1974 Of
314 1943 464 1983 dropsy?

219 1985 234 2004 ἆ
256 1985 336 2017 This
357 1995 464 2016 seems
483 1988 521 2015 to
542 1983 583 2016 be
603 1983 662 2015 the
682 1984 772 2016 force
793 1984 831 2015 of
848 1988 953 2024 atque,
976 1984 1037 2015 but
1058 1983 1270 2015 Dioscorides
1290 1985 1350 2016 has

177 2029 256 2069 only
273 2030 304 2071 ἢ.

175 2103 247 2140 434
