1459 2288
119 608 159 637 42

120 1087 161 1117 43

120 1301 161 1330 44

378 180 573 218 PLINY:
619 180 883 218 NATURAL
917 180 1155 218 HISTORY

187 285 312 322 tribus
348 290 419 321 aut
454 290 644 334 quattuor
678 297 702 320 a
735 284 880 328 radice,
915 284 1183 320 cacuminibus
1218 283 1362 334 thymi,

187 338 444 381 surculosum,
478 337 701 380 odoratum,
733 343 854 387 gustu
887 337 1016 379 dulce,
1049 337 1211 374 salivam
1243 340 1364 380 ciens,

187 391 318 428 radice
336 390 455 441 longa
472 390 602 427 rutila.
657 393 831 427 nascitur
847 393 887 426 in
906 393 1028 439 petris
1046 390 1137 427 ideo
1154 396 1363 440 petraeum

187 447 524 494 cognominatum,
557 443 809 480 utilissimum
841 443 1045 486 lateribus,
1078 444 1252 487 renibus,
1285 449 1362 480 tor-

186 498 371 541 minibus,
386 499 550 547 pectori,
564 496 831 546 pulmonibus,
846 499 1080 546 sanguinem
1095 497 1363 539 reicientibus,

187 550 365 587 faucibus
409 553 568 600 asperis.
623 550 773 586 bibitur
815 549 927 586 radix
970 552 1066 586 trita
1108 555 1150 586 et
1190 552 1230 585 in
1273 552 1363 586 vino

185 604 363 647 decocta,
400 610 443 640 et
478 603 692 652 aliquando
727 603 995 652 super-linitur.
1051 605 1147 651 quin
1183 609 1224 639 et
1260 615 1364 639 com-

187 657 429 694 manducata
475 659 581 693 sitim
629 656 744 692 sedat
791 659 1086 705 praecipueque
1133 655 1364 705 pulmonem

187 709 409 760 refrigerat.
464 709 610 746 luxatis
652 722 810 758 quoque
850 712 1053 758 inponitur
1094 715 1136 745 et
1176 711 1364 752 contusis,

187 764 286 800 lenit
308 766 527 800 interanea.
582 762 713 799 alvum
736 764 840 799 sistit
862 768 975 799 cocta
996 765 1035 798 in
1058 764 1190 798 cinere
1212 762 1365 798 detrac-

187 820 318 866 tisque
340 815 520 853 folliculis
542 819 637 853 trita
658 829 747 852 cum
769 818 914 864 piperis
935 818 1067 865 granis
1088 828 1231 852 novem
1253 821 1295 852 et
1317 829 1365 852 ex

188 884 291 919 aqua
307 876 414 919 pota.
469 869 693 906 volneribus
711 868 896 905 sanandis
912 875 1027 905 tanta
1043 871 1289 917 praestantia
1305 874 1366 905 est

187 930 232 960 ut
253 936 389 960 carnes
411 936 583 972 quoque,
604 922 699 959 dum
720 928 924 964 cocuntur,
945 921 1194 971 conglutinet
1215 921 1366 964 addita,

188 977 294 1013 unde
326 983 367 1013 et
399 976 540 1012 Graeci
571 989 716 1012 nomen
746 978 969 1024 inposuere.
1025 975 1174 1011 ossibus
1207 988 1365 1024 quoque

188 1029 321 1066 fractis
342 1029 540 1072 medetur,
561 1029 684 1065 XXV.
707 1028 797 1078 alga
816 1027 904 1064 rufa
923 1031 1173 1077 scorpionum
1192 1029 1346 1065 ictibus.

237 1083 383 1119 XXVI.
413 1083 567 1119 Actaea
614 1085 723 1132 gravi
771 1080 955 1118 foliorum
1003 1081 1137 1125 odore,
1185 1081 1364 1118 caulibus

188 1139 335 1186 asperis
365 1136 615 1186 geniculatis,
645 1138 796 1171 semine
826 1137 937 1184 nigro
967 1141 1012 1171 ut
1041 1134 1228 1178 hederae,
1257 1135 1363 1171 bacis

188 1189 386 1231 mollibus,
418 1192 592 1226 nascitur
623 1191 663 1224 in
696 1191 826 1237 opacis
860 1194 902 1224 et
935 1191 1081 1237 asperis
1115 1191 1363 1237 aquosisque.

188 1243 305 1279 datur
323 1242 533 1279 acetabulo
550 1241 668 1291 pleno
684 1242 936 1278 interioribus
953 1240 1191 1278 feminarum
1206 1242 1364 1278 morbis.

236 1296 403 1332 XXVII.
433 1295 623 1344 Ampelos
651 1297 760 1344 agria
787 1301 949 1331 vocatur
975 1294 1100 1331 herba
1126 1293 1228 1331 foliis
1255 1294 1362 1331 duris

188 1352 381 1386 cineracei
412 1349 564 1392 coloris,
596 1348 754 1397 qualem
785 1351 825 1384 in
856 1351 950 1384 satis
981 1347 1166 1391 diximus,
1198 1347 1367 1384 viticulis

187 1402 328 1452 longiS,
355 1402 521 1445 callosis,
547 1402 796 1445 rubentibus,
824 1401 995 1450 qualiter
1021 1400 1090 1437 flos
1118 1414 1237 1450 quem
1266 1400 1367 1437 Iovis

189 1455 390 1492 flammam
416 1455 674 1505 appellamus.
728 1457 769 1490 in
794 1454 918 1490 uvolis
935 1454 948 1476 1
975 1453 1053 1491 fert
1079 1467 1216 1491 semen
1241 1454 1367 1490 simile

190 1508 325 1545 Punici
363 1509 457 1545 mali
496 1511 628 1545 acinis.
682 1508 795 1544 radix
834 1510 917 1544 eius
956 1507 1122 1544 decocta
1158 1510 1197 1543 in
1236 1521 1364 1557 aquae

189 1562 342 1612 cyathis
363 1565 500 1605 ternis,
521 1561 666 1598 additis
686 1564 765 1597 vini
786 1561 855 1597 Coi
875 1560 1028 1610 cyathis
1048 1561 1216 1604 duobus,
1237 1560 1367 1597 alvum

189 1616 305 1652 solvit
326 1615 469 1652 leniter
489 1615 660 1664 ideoque
681 1614 905 1664 hydropicis
927 1614 1056 1651 datur.
1111 1613 1251 1650 uvolae
1273 1616 1369 1650 vitia

189 1672 289 1705 cutis
312 1671 353 1705 in
377 1667 476 1705 facie
500 1668 710 1704 mulierum
735 1667 964 1704 emendant.
1020 1666 1248 1703 ischiadicos
1274 1680 1367 1716 quo-

401 1749 413 1767 ²
437 1748 546 1779 uvolis
562 1748 669 1779 Ianus
683 1758 698 1778 e
713 1746 906 1778 Dioscorida
920 1760 927 1778 z
958 1746 1048 1778 varia
1063 1746 1152 1777 codd.

233 1884 247 1898 ‘¹
270 1880 331 1911 I.e.
356 1878 374 1891 ‘⁶
391 1878 612 1919 coalescing‚''
633 1877 652 1889 “
666 1888 781 1918 grown
798 1876 990 1918 together.”

235 1922 247 1941 θ
271 1922 331 1953 See
363 1922 490 1953 XXIII
520 1922 535 1960 ξ
566 1922 616 1952 19.
663 1920 733 1951 The
759 1921 853 1951 word
883 1919 964 1950 satis
993 1920 1021 1951 is
1051 1923 1198 1960 strange,
1230 1930 1267 1951 as
1296 1924 1367 1951 sata

190 1965 341 1997 includes
368 1965 412 1995 all
439 1964 628 1996 cultivated
655 1963 769 2004 plants
796 1963 864 1994 and
891 1967 990 1999 trees,
1018 1963 1087 1994 and
1113 1963 1172 1994 the
1198 1963 1367 1994 reference

191 2008 405 2048 accordingly
435 2017 543 2038 seems
572 2017 692 2047 vague.
739 2005 889 2046 Perhaps
919 2005 1018 2045 Pliny
1046 2016 1163 2037 means
1191 2005 1270 2037 that
1298 2006 1366 2037 this

190 2051 267 2082 wild
282 2051 360 2082 vine
375 2051 402 2081 is
419 2049 594 2081 described
608 2050 643 2080 in
659 2049 710 2080 his
726 2052 872 2080 account
888 2048 927 2079 of
937 2048 1109 2079 cultivated
1123 2048 1229 2080 vines.

187 2124 260 2158 414
