<?xml version="1.0" encoding="UTF-8"?>
<!DOCTYPE html PUBLIC "-//W3C//DTD XHTML 1.0 Transitional//EN"
    "http://www.w3.org/TR/xhtml1/DTD/xhtml1-transitional.dtd">
<html xmlns="http://www.w3.org/1999/xhtml" xml:lang="en" lang="en">
 <head>
  <title>
</title>
<meta http-equiv="Content-Type" content="text/html;charset=utf-8" />
  <meta name='ocr-system' content='tesseract 3.04.00' />
  <meta name='ocr-capabilities' content='ocr_page ocr_carea ocr_par ocr_line ocrx_word'/>
</head>
<body>
  <div class='ocr_page' id='page_1' title='image "./naturalhistory07plinuoft_0250.png"; bbox 0 0 1459 2288; ppageno 0'>
   <div class='ocr_carea' id='block_1_1' title="bbox 151 419 210 449">
    <p class='ocr_par' dir='ltr' id='par_1_1' title="bbox 151 419 210 449">
     <span class='ocr_line' id='line_1_1' title="bbox 151 419 210 449; baseline -0.017 0"><span class='ocrx_word' id='word_1_1' title='bbox 151 419 210 449; x_wconf 82' lang='lat'>132</span> 
     </span>
    </p>
   </div>
   <div class='ocr_carea' id='block_1_2' title="bbox 151 738 210 769">
    <p class='ocr_par' dir='ltr' id='par_1_2' title="bbox 151 738 210 769">
     <span class='ocr_line' id='line_1_2' title="bbox 151 738 210 769; baseline 0 0"><span class='ocrx_word' id='word_1_2' title='bbox 151 738 210 769; x_wconf 86' lang='lat'>133</span> 
     </span>
    </p>
   </div>
   <div class='ocr_carea' id='block_1_3' title="bbox 151 1059 211 1089">
    <p class='ocr_par' dir='ltr' id='par_1_3' title="bbox 151 1059 211 1089">
     <span class='ocr_line' id='line_1_3' title="bbox 151 1059 211 1089; baseline 0 0"><span class='ocrx_word' id='word_1_3' title='bbox 151 1059 211 1089; x_wconf 73' lang='lat'>134</span> 
     </span>
    </p>
   </div>
   <div class='ocr_carea' id='block_1_4' title="bbox 150 1433 210 1464">
    <p class='ocr_par' dir='ltr' id='par_1_4' title="bbox 150 1433 210 1464">
     <span class='ocr_line' id='line_1_4' title="bbox 150 1433 210 1464; baseline 0.017 -1"><span class='ocrx_word' id='word_1_4' title='bbox 150 1433 210 1464; x_wconf 89' lang='lat'>135</span> 
     </span>
    </p>
   </div>
   <div class='ocr_carea' id='block_1_5' title="bbox 438 150 1211 189">
    <p class='ocr_par' dir='ltr' id='par_1_5' title="bbox 438 150 1211 189">
     <span class='ocr_line' id='line_1_5' title="bbox 438 150 1211 189; baseline 0.003 -2"><span class='ocrx_word' id='word_1_5' title='bbox 438 150 632 188; x_wconf 78' lang='lat' dir='ltr'>PLINY:</span> <span class='ocrx_word' id='word_1_6' title='bbox 678 152 941 189; x_wconf 80' lang='lat' dir='ltr'>NATURAL</span> <span class='ocrx_word' id='word_1_7' title='bbox 975 151 1211 189; x_wconf 87' lang='lat' dir='ltr'>HISTORY</span> 
     </span>
    </p>
   </div>
   <div class='ocr_carea' id='block_1_6' title="bbox 235 252 1415 1585">
    <p class='ocr_par' dir='ltr' id='par_1_6' title="bbox 236 252 1411 409">
     <span class='ocr_line' id='line_1_6' title="bbox 237 252 1411 298; baseline 0.001 -8"><span class='ocrx_word' id='word_1_8' title='bbox 237 260 373 290; x_wconf 87' lang='lat' dir='ltr'>autem</span> <span class='ocrx_word' id='word_1_9' title='bbox 411 252 741 289; x_wconf 81' lang='lat' dir='ltr'>excalfaciendo.l</span> <span class='ocrx_word' id='word_1_10' title='bbox 774 252 865 289; x_wconf 88' lang='lat' dir='ltr'>ideo</span> <span class='ocrx_word' id='word_1_11' title='bbox 901 258 1039 290; x_wconf 89' lang='lat' dir='ltr'>eontra</span> <span class='ocrx_word' id='word_1_12' title='bbox 1073 255 1244 290; x_wconf 80' lang='lat' dir='ltr'>cicutam</span> <span class='ocrx_word' id='word_1_13' title='bbox 1280 253 1411 298; x_wconf 87' lang='lat' dir='ltr'>datur,</span> 
     </span>
     <span class='ocr_line' id='line_1_7' title="bbox 236 305 1410 357; baseline 0.001 -14"><span class='ocrx_word' id='word_1_14' title='bbox 236 313 374 344; x_wconf 86' lang='lat' dir='ltr'>contra</span> <span class='ocrx_word' id='word_1_15' title='bbox 396 319 515 355; x_wconf 90' lang='lat' dir='ltr'>quam</span> <span class='ocrx_word' id='word_1_16' title='bbox 538 311 579 342; x_wconf 84' lang='lat' dir='ltr'>et</span> <span class='ocrx_word' id='word_1_17' title='bbox 598 312 663 342; x_wconf 85' lang='lat' dir='ltr'>tus</span> <span class='ocrx_word' id='word_1_18' title='bbox 687 311 727 343; x_wconf 88' lang='lat' dir='ltr'>et</span> <span class='ocrx_word' id='word_1_19' title='bbox 747 319 932 355; x_wconf 89' lang='lat' dir='ltr'>panaces,</span> <span class='ocrx_word' id='word_1_20' title='bbox 948 305 1166 343; x_wconf 89' lang='lat' dir='ltr'>chironium</span> <span class='ocrx_word' id='word_1_21' title='bbox 1186 310 1410 357; x_wconf 84' lang='lat' dir='ltr'><strong>praecipue.</strong></span> 
     </span>
     <span class='ocr_line' id='line_1_8' title="bbox 236 358 691 409; baseline -0.002 -13"><span class='ocrx_word' id='word_1_22' title='bbox 236 360 309 397; x_wconf 90' lang='lat' dir='ltr'>hoc</span> <span class='ocrx_word' id='word_1_23' title='bbox 327 366 367 396; x_wconf 91' lang='lat' dir='ltr'>et</span> <span class='ocrx_word' id='word_1_24' title='bbox 383 365 521 396; x_wconf 89' lang='lat' dir='ltr'>contra</span> <span class='ocrx_word' id='word_1_25' title='bbox 535 358 691 409; x_wconf 87' lang='lat' dir='ltr'>fungos.</span> 
     </span>
    </p>

    <p class='ocr_par' dir='ltr' id='par_1_7' title="bbox 235 412 1415 1424">
     <span class='ocr_line' id='line_1_9' title="bbox 289 412 1411 463; baseline 0.002 -14"><span class='ocrx_word' id='word_1_26' title='bbox 289 412 517 449; x_wconf 82' lang='lat' dir='ltr'>LXXXIII.</span> <span class='ocrx_word' id='word_1_27' title='bbox 548 412 696 449; x_wconf 81' lang='lat' dir='ltr'>Verum</span> <span class='ocrx_word' id='word_1_28' title='bbox 735 418 777 449; x_wconf 90' lang='lat' dir='ltr'>et</span> <span class='ocrx_word' id='word_1_29' title='bbox 814 415 1038 463; x_wconf 78' lang='lat' dir='ltr'>generatim</span> <span class='ocrx_word' id='word_1_30' title='bbox 1076 414 1411 463; x_wconf 79' lang='lat' dir='ltr'>membratimque</span> 
     </span>
     <span class='ocr_line' id='line_1_10' title="bbox 236 466 1413 516; baseline 0.001 -13"><span class='ocrx_word' id='word_1_31' title='bbox 236 466 401 516; x_wconf 87' lang='lat' dir='ltr'>singulis</span> <span class='ocrx_word' id='word_1_32' title='bbox 422 479 629 515; x_wconf 88' lang='lat' dir='ltr'>corporum</span> <span class='ocrx_word' id='word_1_33' title='bbox 650 466 797 502; x_wconf 83' lang='lat' dir='ltr'>morbis</span> <span class='ocrx_word' id='word_1_34' title='bbox 817 466 995 503; x_wconf 92' lang='lat' dir='ltr'>remedia</span> <span class='ocrx_word' id='word_1_35' title='bbox 1015 467 1273 504; x_wconf 80' lang='lat' dir='ltr'>subtexemus</span> <span class='ocrx_word' id='word_1_36' title='bbox 1294 470 1370 504; x_wconf 90' lang='lat' dir='ltr'>orsi</span> <span class='ocrx_word' id='word_1_37' title='bbox 1390 481 1413 504; x_wconf 93' lang='lat' dir='ltr'>a</span> 
     </span>
     <span class='ocr_line' id='line_1_11' title="bbox 236 519 1413 569; baseline 0.001 -13"><span class='ocrx_word' id='word_1_38' title='bbox 236 523 380 569; x_wconf 86' lang='lat' dir='ltr'>capite.</span> <span class='ocrx_word' id='word_1_39' title='bbox 437 519 632 568; x_wconf 85' lang='lat' dir='ltr'>alopecias</span> <span class='ocrx_word' id='word_1_40' title='bbox 667 519 857 556; x_wconf 87' lang='lat' dir='ltr'>emendat</span> <span class='ocrx_word' id='word_1_41' title='bbox 890 519 1141 569; x_wconf 84' lang='lat' dir='ltr'>nymphaeae</span> <span class='ocrx_word' id='word_1_42' title='bbox 1171 520 1413 557; x_wconf 87' lang='lat' dir='ltr'>Heracliae2</span> 
     </span>
     <span class='ocr_line' id='line_1_12' title="bbox 236 573 1411 622; baseline 0.001 -13"><span class='ocrx_word' id='word_1_43' title='bbox 236 573 363 616; x_wconf 82' lang='lat' dir='ltr'>radix,</span> <span class='ocrx_word' id='word_1_44' title='bbox 392 575 473 609; x_wconf 80' lang='lat' dir='ltr'>sive</span> <span class='ocrx_word' id='word_1_45' title='bbox 496 586 587 609; x_wconf 92' lang='lat' dir='ltr'>cum</span> <span class='ocrx_word' id='word_1_46' title='bbox 615 575 702 622; x_wconf 85' lang='lat' dir='ltr'>pice</span> <span class='ocrx_word' id='word_1_47' title='bbox 725 575 806 609; x_wconf 85' lang='lat' dir='ltr'>sive</span> <span class='ocrx_word' id='word_1_48' title='bbox 830 586 909 609; x_wconf 90' lang='lat' dir='ltr'>una</span> <span class='ocrx_word' id='word_1_49' title='bbox 926 574 941 596; x_wconf 86' lang='lat'><strong>3</strong></span> <span class='ocrx_word' id='word_1_50' title='bbox 963 586 1011 609; x_wconf 94' lang='lat' dir='ltr'>ea</span> <span class='ocrx_word' id='word_1_51' title='bbox 1032 576 1129 610; x_wconf 89' lang='lat' dir='ltr'>trita</span> <span class='ocrx_word' id='word_1_52' title='bbox 1144 573 1161 596; x_wconf 83' lang='lat'>4</span> <span class='ocrx_word' id='word_1_53' title='bbox 1181 573 1411 611; x_wconf 77' lang='lat' dir='ltr'>inlinantur.</span> 
     </span>
     <span class='ocr_line' id='line_1_13' title="bbox 235 625 1413 676; baseline 0.002 -14"><span class='ocrx_word' id='word_1_54' title='bbox 235 626 438 676; x_wconf 82' lang='lat' dir='ltr'>polythrix</span> <span class='ocrx_word' id='word_1_55' title='bbox 458 626 582 663; x_wconf 85' lang='lat' dir='ltr'>distat</span> <span class='ocrx_word' id='word_1_56' title='bbox 602 640 625 662; x_wconf 92' lang='lat' dir='ltr'>a</span> <span class='ocrx_word' id='word_1_57' title='bbox 644 625 861 662; x_wconf 87' lang='lat' dir='ltr'>callitriche</span> <span class='ocrx_word' id='word_1_58' title='bbox 883 626 989 675; x_wconf 92' lang='lat' dir='ltr'>quod</span> <span class='ocrx_word' id='word_1_59' title='bbox 1007 629 1141 663; x_wconf 89' lang='lat' dir='ltr'>iuncos</span> <span class='ocrx_word' id='word_1_60' title='bbox 1162 627 1270 664; x_wconf 85' lang='lat' dir='ltr'>albos</span> <span class='ocrx_word' id='word_1_61' title='bbox 1289 627 1413 664; x_wconf 89' lang='lat' dir='ltr'>habet</span> 
     </span>
     <span class='ocr_line' id='line_1_14' title="bbox 237 678 1412 729; baseline 0.002 -13"><span class='ocrx_word' id='word_1_62' title='bbox 237 686 279 717; x_wconf 90' lang='lat' dir='ltr'>et</span> <span class='ocrx_word' id='word_1_63' title='bbox 300 679 395 716; x_wconf 89' lang='lat' dir='ltr'>folia</span> <span class='ocrx_word' id='word_1_64' title='bbox 416 679 529 729; x_wconf 91' lang='lat' dir='ltr'>plura</span> <span class='ocrx_word' id='word_1_65' title='bbox 551 682 792 729; x_wconf 87' lang='lat' dir='ltr'>maioraque.</span> <span class='ocrx_word' id='word_1_66' title='bbox 847 678 990 716; x_wconf 88' lang='lat' dir='ltr'>frutice</span> <span class='ocrx_word' id='word_1_67' title='bbox 1012 693 1171 729; x_wconf 88' lang='lat' dir='ltr'>quoque</span> <span class='ocrx_word' id='word_1_68' title='bbox 1192 683 1316 717; x_wconf 89' lang='lat' dir='ltr'>maior</span> <span class='ocrx_word' id='word_1_69' title='bbox 1338 687 1412 724; x_wconf 91' lang='lat' dir='ltr'>est,</span> 
     </span>
     <span class='ocr_line' id='line_1_15' title="bbox 236 732 1411 782; baseline 0.001 -12"><span class='ocrx_word' id='word_1_70' title='bbox 236 733 482 771; x_wconf 89' lang='lat' dir='ltr'>defluentem</span> <span class='ocrx_word' id='word_1_71' title='bbox 501 733 689 782; x_wconf 89' lang='lat' dir='ltr'>capillum</span> <span class='ocrx_word' id='word_1_72' title='bbox 709 732 916 770; x_wconf 89' lang='lat' dir='ltr'>confirmat</span> <span class='ocrx_word' id='word_1_73' title='bbox 936 739 977 770; x_wconf 90' lang='lat' dir='ltr'>et</span> <span class='ocrx_word' id='word_1_74' title='bbox 997 733 1151 770; x_wconf 89' lang='lat' dir='ltr'>densat.</span> <span class='ocrx_word' id='word_1_75' title='bbox 1190 733 1411 771; x_wconf 87' lang='lat' dir='ltr'>LXXXIV.</span> 
     </span>
     <span class='ocr_line' id='line_1_16' title="bbox 237 785 1414 837; baseline 0.001 -14"><span class='ocrx_word' id='word_1_76' title='bbox 237 790 335 824; x_wconf 90' lang='lat' dir='ltr'>item</span> <span class='ocrx_word' id='word_1_77' title='bbox 360 786 558 837; x_wconf 86' lang='lat' dir='ltr'>lingulaca</span> <span class='ocrx_word' id='word_1_78' title='bbox 584 789 686 822; x_wconf 90' lang='lat' dir='ltr'>circa</span> <span class='ocrx_word' id='word_1_79' title='bbox 711 785 842 823; x_wconf 83' lang='lat' dir='ltr'>fontes</span> <span class='ocrx_word' id='word_1_80' title='bbox 868 800 1047 830; x_wconf 88' lang='lat' dir='ltr'>nascens,</span> <span class='ocrx_word' id='word_1_81' title='bbox 1073 789 1182 824; x_wconf 90' lang='lat' dir='ltr'>cuius</span> <span class='ocrx_word' id='word_1_82' title='bbox 1207 787 1320 824; x_wconf 85' lang='lat' dir='ltr'>radix</span> <span class='ocrx_word' id='word_1_83' title='bbox 1347 787 1414 824; x_wconf 90' lang='lat' dir='ltr'>ad-</span> 
     </span>
     <span class='ocr_line' id='line_1_17' title="bbox 236 840 1412 891; baseline 0.002 -15"><span class='ocrx_word' id='word_1_84' title='bbox 236 843 364 877; x_wconf 86' lang='lat' dir='ltr'>mixta</span> <span class='ocrx_word' id='word_1_85' title='bbox 393 841 602 876; x_wconf 88' lang='lat' dir='ltr'>combusta</span> <span class='ocrx_word' id='word_1_86' title='bbox 630 842 774 876; x_wconf 89' lang='lat' dir='ltr'>teritur</span> <span class='ocrx_word' id='word_1_87' title='bbox 802 853 892 876; x_wconf 91' lang='lat' dir='ltr'>cum</span> <span class='ocrx_word' id='word_1_88' title='bbox 922 840 1039 889; x_wconf 90' lang='lat' dir='ltr'>adipe</span> <span class='ocrx_word' id='word_1_89' title='bbox 1069 843 1147 877; x_wconf 90' lang='lat' dir='ltr'>suis</span> <span class='ocrx_word' id='word_1_90' title='bbox 1181 843 1332 891; x_wconf 83' lang='lat' dir='ltr'>nigrae,</span> <span class='ocrx_word' id='word_1_91' title='bbox 1371 841 1412 878; x_wconf 90' lang='lat' dir='ltr'>id</span> 
     </span>
     <span class='ocr_line' id='line_1_18' title="bbox 237 896 1411 944; baseline 0.002 -15"><span class='ocrx_word' id='word_1_92' title='bbox 237 906 395 943; x_wconf 90' lang='lat' dir='ltr'>quoque</span> <span class='ocrx_word' id='word_1_93' title='bbox 412 896 621 942; x_wconf 78' lang='lat' dir='ltr'>excipitur,</span> <span class='ocrx_word' id='word_1_94' title='bbox 635 899 680 929; x_wconf 91' lang='lat' dir='ltr'>ut</span> <span class='ocrx_word' id='word_1_95' title='bbox 694 896 777 930; x_wconf 88' lang='lat' dir='ltr'>eius</span> <span class='ocrx_word' id='word_1_96' title='bbox 790 896 870 930; x_wconf 90' lang='lat' dir='ltr'>suis</span> <span class='ocrx_word' id='word_1_97' title='bbox 884 906 987 942; x_wconf 88' lang='lat' dir='ltr'>quae</span> <span class='ocrx_word' id='word_1_98' title='bbox 1001 907 1219 943; x_wconf 88' lang='lat' dir='ltr'>numquam</span> <span class='ocrx_word' id='word_1_99' title='bbox 1232 897 1389 944; x_wconf 88' lang='lat' dir='ltr'>peperit</span> <span class='ocrx_word' id='word_1_100' title='bbox 1402 906 1411 937; x_wconf 84' lang='lat'><em>3</em></span> 
     </span>
     <span class='ocr_line' id='line_1_19' title="bbox 237 945 1411 995; baseline 0.001 -12"><span class='ocrx_word' id='word_1_101' title='bbox 237 947 294 984; x_wconf 92' lang='lat' dir='ltr'>sol</span> <span class='ocrx_word' id='word_1_102' title='bbox 325 947 471 983; x_wconf 90' lang='lat' dir='ltr'>deinde</span> <span class='ocrx_word' id='word_1_103' title='bbox 503 946 718 995; x_wconf 91' lang='lat' dir='ltr'>plurimum</span> <span class='ocrx_word' id='word_1_104' title='bbox 749 945 904 983; x_wconf 89' lang='lat' dir='ltr'>confert</span> <span class='ocrx_word' id='word_1_105' title='bbox 938 947 1090 983; x_wconf 89' lang='lat' dir='ltr'>inlitae.</span> <span class='ocrx_word' id='word_1_106' title='bbox 1145 947 1282 984; x_wconf 91' lang='lat' dir='ltr'>similis</span> <span class='ocrx_word' id='word_1_107' title='bbox 1319 961 1411 984; x_wconf 92' lang='lat' dir='ltr'>usus</span> 
     </span>
     <span class='ocr_line' id='line_1_20' title="bbox 238 1000 1414 1050; baseline 0 -13"><span class='ocrx_word' id='word_1_108' title='bbox 238 1006 299 1037; x_wconf 84' lang='lat' dir='ltr'>est</span> <span class='ocrx_word' id='word_1_109' title='bbox 315 1000 524 1050; x_wconf 74' lang='lat' dir='ltr'>cyclamini</span> <span class='ocrx_word' id='word_1_110' title='bbox 539 1000 692 1036; x_wconf 81' lang='lat' dir='ltr'>radicis.</span> <span class='ocrx_word' id='word_1_111' title='bbox 748 1002 990 1050; x_wconf 87' lang='lat' dir='ltr'>porriginem</span> <span class='ocrx_word' id='word_1_112' title='bbox 1010 1003 1156 1037; x_wconf 88' lang='lat' dir='ltr'>veratri</span> <span class='ocrx_word' id='word_1_113' title='bbox 1176 1001 1288 1037; x_wconf 86' lang='lat' dir='ltr'>radix</span> <span class='ocrx_word' id='word_1_114' title='bbox 1306 1000 1414 1038; x_wconf 87' lang='lat' dir='ltr'>tollit</span> 
     </span>
     <span class='ocr_line' id='line_1_21' title="bbox 236 1053 1414 1103; baseline 0.001 -13"><span class='ocrx_word' id='word_1_115' title='bbox 236 1057 277 1090; x_wconf 92' lang='lat' dir='ltr'>in</span> <span class='ocrx_word' id='word_1_116' title='bbox 303 1053 390 1090; x_wconf 92' lang='lat' dir='ltr'>oleo</span> <span class='ocrx_word' id='word_1_117' title='bbox 417 1053 583 1090; x_wconf 88' lang='lat' dir='ltr'>decocta</span> <span class='ocrx_word' id='word_1_118' title='bbox 610 1053 673 1090; x_wconf 88' lang='lat' dir='ltr'>vel</span> <span class='ocrx_word' id='word_1_119' title='bbox 692 1056 733 1089; x_wconf 89' lang='lat' dir='ltr'>in</span> <span class='ocrx_word' id='word_1_120' title='bbox 753 1066 868 1103; x_wconf 90' lang='lat' dir='ltr'>aqua.</span> <span class='ocrx_word' id='word_1_121' title='bbox 923 1056 1064 1103; x_wconf 89' lang='lat' dir='ltr'>capitis</span> <span class='ocrx_word' id='word_1_122' title='bbox 1084 1053 1210 1090; x_wconf 88' lang='lat' dir='ltr'>dolori</span> <span class='ocrx_word' id='word_1_123' title='bbox 1228 1054 1414 1091; x_wconf 87' lang='lat' dir='ltr'>medetur</span> 
     </span>
     <span class='ocr_line' id='line_1_22' title="bbox 237 1107 1413 1157; baseline 0.001 -14"><span class='ocrx_word' id='word_1_124' title='bbox 237 1110 397 1157; x_wconf 87' lang='lat' dir='ltr'>panacis</span> <span class='ocrx_word' id='word_1_125' title='bbox 435 1109 612 1144; x_wconf 90' lang='lat' dir='ltr'>omnium</span> <span class='ocrx_word' id='word_1_126' title='bbox 648 1120 842 1157; x_wconf 91' lang='lat' dir='ltr'>generum</span> <span class='ocrx_word' id='word_1_127' title='bbox 879 1107 992 1144; x_wconf 84' lang='lat' dir='ltr'>radix</span> <span class='ocrx_word' id='word_1_128' title='bbox 1028 1110 1069 1143; x_wconf 92' lang='lat' dir='ltr'>in</span> <span class='ocrx_word' id='word_1_129' title='bbox 1105 1107 1193 1144; x_wconf 91' lang='lat' dir='ltr'>oleo</span> <span class='ocrx_word' id='word_1_130' title='bbox 1229 1111 1413 1152; x_wconf 89' lang='lat' dir='ltr'>contrita,</span> 
     </span>
     <span class='ocr_line' id='line_1_23' title="bbox 236 1160 1413 1211; baseline 0.001 -14"><span class='ocrx_word' id='word_1_131' title='bbox 236 1160 500 1203; x_wconf 89' lang='lat' dir='ltr'>aristolochia,</span> <span class='ocrx_word' id='word_1_132' title='bbox 517 1160 663 1197; x_wconf 90' lang='lat' dir='ltr'>hiberis</span> <span class='ocrx_word' id='word_1_133' title='bbox 680 1160 897 1210; x_wconf 87' lang='lat' dir='ltr'>adalligata</span> <span class='ocrx_word' id='word_1_134' title='bbox 913 1160 1009 1197; x_wconf 92' lang='lat' dir='ltr'>hora</span> <span class='ocrx_word' id='word_1_135' title='bbox 1025 1160 1087 1197; x_wconf 87' lang='lat' dir='ltr'>vel</span> <span class='ocrx_word' id='word_1_136' title='bbox 1104 1160 1266 1204; x_wconf 89' lang='lat' dir='ltr'>diutius,</span> <span class='ocrx_word' id='word_1_137' title='bbox 1282 1163 1313 1198; x_wconf 90' lang='lat' dir='ltr'>si</span> <span class='ocrx_word' id='word_1_138' title='bbox 1330 1164 1413 1211; x_wconf 89' lang='lat' dir='ltr'>pati</span> 
     </span>
     <span class='ocr_line' id='line_1_24' title="bbox 235 1213 1412 1264; baseline 0.001 -14"><span class='ocrx_word' id='word_1_139' title='bbox 235 1217 373 1264; x_wconf 87' lang='lat' dir='ltr'>possit,</span> <span class='ocrx_word' id='word_1_140' title='bbox 399 1217 617 1251; x_wconf 86' lang='lat' dir='ltr'>comitante</span> <span class='ocrx_word' id='word_1_141' title='bbox 642 1213 789 1250; x_wconf 89' lang='lat' dir='ltr'>balinei</span> <span class='ocrx_word' id='word_1_142' title='bbox 814 1227 898 1250; x_wconf 91' lang='lat' dir='ltr'>usu.</span> <span class='ocrx_word' id='word_1_143' title='bbox 953 1214 1139 1251; x_wconf 87' lang='lat' dir='ltr'>medetur</span> <span class='ocrx_word' id='word_1_144' title='bbox 1163 1220 1205 1251; x_wconf 87' lang='lat' dir='ltr'>et</span> <span class='ocrx_word' id='word_1_145' title='bbox 1229 1214 1412 1251; x_wconf 89' lang='lat' dir='ltr'>daucum.</span> 
     </span>
     <span class='ocr_line' id='line_1_25' title="bbox 235 1267 1415 1317; baseline 0.001 -13"><span class='ocrx_word' id='word_1_146' title='bbox 235 1274 382 1317; x_wconf 87' lang='lat' dir='ltr'>purgat</span> <span class='ocrx_word' id='word_1_147' title='bbox 406 1273 543 1304; x_wconf 84' lang='lat' dir='ltr'>autem</span> <span class='ocrx_word' id='word_1_148' title='bbox 568 1273 610 1304; x_wconf 87' lang='lat' dir='ltr'>et</span> <span class='ocrx_word' id='word_1_149' title='bbox 632 1267 872 1317; x_wconf 76' lang='lat' dir='ltr'>cyclaminos</span> <span class='ocrx_word' id='word_1_150' title='bbox 895 1281 986 1304; x_wconf 90' lang='lat' dir='ltr'>cum</span> <span class='ocrx_word' id='word_1_151' title='bbox 1009 1267 1129 1304; x_wconf 89' lang='lat' dir='ltr'>melle</span> <span class='ocrx_word' id='word_1_152' title='bbox 1151 1270 1192 1304; x_wconf 94' lang='lat' dir='ltr'>in</span> <span class='ocrx_word' id='word_1_153' title='bbox 1212 1281 1326 1304; x_wconf 87' lang='lat' dir='ltr'>nares</span> <span class='ocrx_word' id='word_1_154' title='bbox 1347 1268 1415 1305; x_wconf 88' lang='lat' dir='ltr'>ad-</span> 
     </span>
     <span class='ocr_line' id='line_1_26' title="bbox 236 1320 1415 1370; baseline 0.001 -12"><span class='ocrx_word' id='word_1_155' title='bbox 236 1321 334 1364; x_wconf 83' lang='lat' dir='ltr'>dita,</span> <span class='ocrx_word' id='word_1_156' title='bbox 376 1326 418 1357; x_wconf 89' lang='lat' dir='ltr'>et</span> <span class='ocrx_word' id='word_1_157' title='bbox 458 1320 591 1357; x_wconf 90' lang='lat' dir='ltr'>ulcera</span> <span class='ocrx_word' id='word_1_158' title='bbox 630 1323 771 1370; x_wconf 86' lang='lat' dir='ltr'>capitis</span> <span class='ocrx_word' id='word_1_159' title='bbox 811 1326 928 1357; x_wconf 87' lang='lat' dir='ltr'>sanat</span> <span class='ocrx_word' id='word_1_160' title='bbox 966 1320 1092 1357; x_wconf 89' lang='lat' dir='ltr'>inlita.</span> <span class='ocrx_word' id='word_1_161' title='bbox 1147 1321 1332 1358; x_wconf 87' lang='lat' dir='ltr'>medetur</span> <span class='ocrx_word' id='word_1_162' title='bbox 1373 1327 1415 1359; x_wconf 87' lang='lat' dir='ltr'>et</span> 
     </span>
     <span class='ocr_line' id='line_1_27' title="bbox 235 1377 486 1424; baseline -0.004 -13"><span class='ocrx_word' id='word_1_163' title='bbox 235 1377 486 1424; x_wconf 87' lang='lat' dir='ltr'>peristereos.</span> 
     </span>
    </p>

    <p class='ocr_par' dir='ltr' id='par_1_8' title="bbox 235 1427 1415 1585">
     <span class='ocr_line' id='line_1_28' title="bbox 291 1427 1414 1465; baseline 0.001 -1"><span class='ocrx_word' id='word_1_164' title='bbox 291 1427 488 1464; x_wconf 85' lang='lat' dir='ltr'>LXXXV.</span> <span class='ocrx_word' id='word_1_165' title='bbox 519 1427 704 1464; x_wconf 86' lang='lat' dir='ltr'>Cacalia5</span> <span class='ocrx_word' id='word_1_166' title='bbox 744 1430 826 1464; x_wconf 81' lang='lat' dir='ltr'>sive</span> <span class='ocrx_word' id='word_1_167' title='bbox 866 1427 1037 1464; x_wconf 89' lang='lat' dir='ltr'>leontice</span> <span class='ocrx_word' id='word_1_168' title='bbox 1075 1433 1239 1465; x_wconf 85' lang='lat' dir='ltr'>vocatur</span> <span class='ocrx_word' id='word_1_169' title='bbox 1277 1441 1414 1465; x_wconf 91' lang='lat' dir='ltr'>semen</span> 
     </span>
     <span class='ocr_line' id='line_1_29' title="bbox 235 1481 1415 1531; baseline 0.001 -14"><span class='ocrx_word' id='word_1_170' title='bbox 235 1484 459 1531; x_wconf 86' lang='lat' dir='ltr'>margaritis</span> <span class='ocrx_word' id='word_1_171' title='bbox 506 1483 670 1518; x_wconf 90' lang='lat' dir='ltr'>minutis</span> <span class='ocrx_word' id='word_1_172' title='bbox 716 1481 844 1518; x_wconf 88' lang='lat' dir='ltr'>simile</span> <span class='ocrx_word' id='word_1_173' title='bbox 891 1481 1122 1530; x_wconf 89' lang='lat' dir='ltr'>dependens</span> <span class='ocrx_word' id='word_1_174' title='bbox 1168 1484 1274 1518; x_wconf 88' lang='lat' dir='ltr'>inter</span> <span class='ocrx_word' id='word_1_175' title='bbox 1320 1481 1415 1519; x_wconf 89' lang='lat' dir='ltr'>folia</span> 
     </span>
     <span class='ocr_line' id='line_1_30' title="bbox 235 1533 1413 1585; baseline 0.001 -14"><span class='ocrx_word' id='word_1_176' title='bbox 235 1535 416 1585; x_wconf 86' lang='lat' dir='ltr'>grandia,</span> <span class='ocrx_word' id='word_1_177' title='bbox 440 1537 480 1571; x_wconf 91' lang='lat' dir='ltr'>in</span> <span class='ocrx_word' id='word_1_178' title='bbox 503 1536 706 1572; x_wconf 88' lang='lat' dir='ltr'>montibus</span> <span class='ocrx_word' id='word_1_179' title='bbox 730 1533 826 1571; x_wconf 85' lang='lat' dir='ltr'>fere.</span> <span class='ocrx_word' id='word_1_180' title='bbox 881 1534 997 1572; x_wconf 87' lang='lat' dir='ltr'>huius</span> <span class='ocrx_word' id='word_1_181' title='bbox 1025 1547 1151 1585; x_wconf 90' lang='lat' dir='ltr'>grana</span> <span class='ocrx_word' id='word_1_182' title='bbox 1180 1547 1229 1572; x_wconf 84' lang='lat' dir='ltr'>xv</span> <span class='ocrx_word' id='word_1_183' title='bbox 1256 1537 1297 1571; x_wconf 91' lang='lat' dir='ltr'>in</span> <span class='ocrx_word' id='word_1_184' title='bbox 1326 1535 1413 1572; x_wconf 88' lang='lat' dir='ltr'>oleo</span> 
     </span>
    </p>
   </div>
   <div class='ocr_carea' id='block_1_7' title="bbox 237 1662 1414 2049">
    <p class='ocr_par' dir='ltr' id='par_1_9' title="bbox 237 1662 1413 1746">
     <span class='ocr_line' id='line_1_31' title="bbox 288 1662 1413 1703; baseline 0.002 -9"><span class='ocrx_word' id='word_1_185' title='bbox 288 1665 297 1683; x_wconf 85' lang='lat'>¹</span> <span class='ocrx_word' id='word_1_186' title='bbox 322 1663 576 1695; x_wconf 81' lang='lat' dir='ltr'>excalfaciendo</span> <span class='ocrx_word' id='word_1_187' title='bbox 592 1663 694 1700; x_wconf 67' lang='lat' dir='ltr'>codd„</span> <span class='ocrx_word' id='word_1_188' title='bbox 712 1662 894 1703; x_wconf 72' lang='lat' dir='ltr'>Detlefsen:</span> <span class='ocrx_word' id='word_1_189' title='bbox 930 1663 964 1694; x_wconf 89' lang='lat' dir='ltr'>in</span> <span class='ocrx_word' id='word_1_190' title='bbox 980 1663 1234 1695; x_wconf 80' lang='lat' dir='ltr'>excalfaciendo</span> <span class='ocrx_word' id='word_1_191' title='bbox 1252 1664 1288 1696; x_wconf 80' lang='lat'>0.</span> <span class='ocrx_word' id='word_1_192' title='bbox 1306 1664 1346 1696; x_wconf 80' lang='lat' dir='ltr'>F.</span> <span class='ocrx_word' id='word_1_193' title='bbox 1365 1664 1413 1696; x_wconf 88' lang='lat' dir='ltr'>W.</span> 
     </span>
     <span class='ocr_line' id='line_1_32' title="bbox 237 1706 553 1746; baseline 0.003 -9"><span class='ocrx_word' id='word_1_194' title='bbox 237 1706 279 1737; x_wconf 84' lang='lat' dir='ltr'><em>M</em></span> <span class='ocrx_word' id='word_1_195' title='bbox 282 1707 374 1743; x_wconf 58' lang='lat' dir='ltr'>aller,</span> <span class='ocrx_word' id='word_1_196' title='bbox 390 1706 553 1746; x_wconf 76' lang='lat' dir='ltr'>Mayhoff.</span> 
     </span>
    </p>

    <p class='ocr_par' dir='ltr' id='par_1_10' title="bbox 285 1749 1414 1789">
     <span class='ocr_line' id='line_1_33' title="bbox 285 1749 1414 1789; baseline 0.002 -9"><span class='ocrx_word' id='word_1_197' title='bbox 285 1751 297 1769; x_wconf 85' lang='lat'>2</span> <span class='ocrx_word' id='word_1_198' title='bbox 322 1750 499 1781; x_wconf 80' lang='lat' dir='ltr'>Heracliae</span> <span class='ocrx_word' id='word_1_199' title='bbox 521 1749 629 1788; x_wconf 72' lang='lat' dir='ltr'>Silliy,</span> <span class='ocrx_word' id='word_1_200' title='bbox 652 1749 824 1789; x_wconf 79' lang='lat' dir='ltr'>Mayhoff:</span> <span class='ocrx_word' id='word_1_201' title='bbox 856 1759 874 1780; x_wconf 84' lang='lat' dir='ltr'>e</span> <span class='ocrx_word' id='word_1_202' title='bbox 896 1749 983 1781; x_wconf 84' lang='lat' dir='ltr'>lacte</span> <span class='ocrx_word' id='word_1_203' title='bbox 1007 1749 1190 1789; x_wconf 74' lang='lat' dir='ltr'>Detlefsen:</span> <span class='ocrx_word' id='word_1_204' title='bbox 1224 1753 1260 1782; x_wconf 76' lang='lat' dir='ltr'>et</span> <span class='ocrx_word' id='word_1_205' title='bbox 1283 1751 1414 1782; x_wconf 81' lang='lat' dir='ltr'>cicutae</span> 
     </span>
    </p>

    <p class='ocr_par' dir='ltr' id='par_1_11' title="bbox 254 1792 1007 1832">
     <span class='ocr_line' id='line_1_34' title="bbox 254 1792 1007 1832; baseline -0.001 -8"><span class='ocrx_word' id='word_1_206' title='bbox 254 1793 349 1832; x_wconf 73' lang='lat' dir='ltr'>vul9.:</span> <span class='ocrx_word' id='word_1_207' title='bbox 378 1793 499 1824; x_wconf 81' lang='lat' dir='ltr'>lacitae</span> <span class='ocrx_word' id='word_1_208' title='bbox 513 1796 570 1823; x_wconf 75' lang='lat' dir='ltr'>aut</span> <span class='ocrx_word' id='word_1_209' title='bbox 585 1792 685 1824; x_wconf 83' lang='lat' dir='ltr'>lacite</span> <span class='ocrx_word' id='word_1_210' title='bbox 699 1796 757 1823; x_wconf 73' lang='lat' dir='ltr'>aut</span> <span class='ocrx_word' id='word_1_211' title='bbox 771 1803 811 1823; x_wconf 90' lang='lat' dir='ltr'>ea</span> <span class='ocrx_word' id='word_1_212' title='bbox 826 1796 903 1824; x_wconf 88' lang='lat' dir='ltr'>cute</span> <span class='ocrx_word' id='word_1_213' title='bbox 918 1792 1007 1824; x_wconf 80' lang='lat' dir='ltr'>codd.</span> 
     </span>
    </p>

    <p class='ocr_par' dir='ltr' id='par_1_12' title="bbox 240 1835 1412 1961">
     <span class='ocr_line' id='line_1_35' title="bbox 286 1835 1412 1876; baseline -0.001 -9"><span class='ocrx_word' id='word_1_214' title='bbox 286 1836 298 1854; x_wconf 82' lang='lat'>³</span> <span class='ocrx_word' id='word_1_215' title='bbox 323 1837 394 1867; x_wconf 80' lang='lat' dir='ltr'>sive</span> <span class='ocrx_word' id='word_1_216' title='bbox 425 1846 502 1868; x_wconf 90' lang='lat' dir='ltr'>cum</span> <span class='ocrx_word' id='word_1_217' title='bbox 533 1838 607 1876; x_wconf 88' lang='lat' dir='ltr'>pice</span> <span class='ocrx_word' id='word_1_218' title='bbox 637 1836 708 1867; x_wconf 83' lang='lat' dir='ltr'>sive</span> <span class='ocrx_word' id='word_1_219' title='bbox 739 1846 808 1867; x_wconf 90' lang='lat' dir='ltr'>una</span> <span class='ocrx_word' id='word_1_220' title='bbox 838 1846 915 1875; x_wconf 73' lang='lat' dir='ltr'>cyo:</span> <span class='ocrx_word' id='word_1_221' title='bbox 960 1836 1030 1867; x_wconf 82' lang='lat' dir='ltr'>sive</span> <span class='ocrx_word' id='word_1_222' title='bbox 1061 1846 1130 1867; x_wconf 77' lang='lat' dir='ltr'>una,</span> <span class='ocrx_word' id='word_1_223' title='bbox 1160 1837 1250 1874; x_wconf 76' lang='lat' dir='ltr'>(cum</span> <span class='ocrx_word' id='word_1_224' title='bbox 1279 1835 1412 1875; x_wconf 74' lang='lat' dir='ltr'>lacuna)</span> 
     </span>
     <span class='ocr_line' id='line_1_36' title="bbox 241 1878 1412 1919; baseline 0 -9"><span class='ocrx_word' id='word_1_225' title='bbox 241 1879 406 1919; x_wconf 74' lang='lat' dir='ltr'>Illaykoff,</span> <span class='ocrx_word' id='word_1_226' title='bbox 437 1879 492 1919; x_wconf 80' lang='lat' dir='ltr'>qui</span> <span class='ocrx_word' id='word_1_227' title='bbox 521 1889 598 1910; x_wconf 88' lang='lat' dir='ltr'>cum</span> <span class='ocrx_word' id='word_1_228' title='bbox 627 1879 700 1919; x_wconf 89' lang='lat' dir='ltr'>pice</span> <span class='ocrx_word' id='word_1_229' title='bbox 728 1879 799 1910; x_wconf 84' lang='lat' dir='ltr'>sive</span> <span class='ocrx_word' id='word_1_230' title='bbox 828 1889 887 1919; x_wconf 83' lang='lat' dir='ltr'>per</span> <span class='ocrx_word' id='word_1_231' title='bbox 915 1889 949 1910; x_wconf 84' lang='lat' dir='ltr'>se</span> <span class='ocrx_word' id='word_1_232' title='bbox 977 1888 1015 1909; x_wconf 77' lang='lat' dir='ltr'>ex</span> <span class='ocrx_word' id='word_1_233' title='bbox 1042 1878 1233 1910; x_wconf 70' lang='lat' dir='ltr'>Dioscorida</span> <span class='ocrx_word' id='word_1_234' title='bbox 1260 1879 1412 1919; x_wconf 73' lang='lat' dir='ltr'>supplet:</span> 
     </span>
     <span class='ocr_line' id='line_1_37' title="bbox 240 1921 615 1961; baseline 0 -8"><span class='ocrx_word' id='word_1_235' title='bbox 240 1922 357 1953; x_wconf 82' lang='lat' dir='ltr'>siveva</span> <span class='ocrx_word' id='word_1_236' title='bbox 367 1922 514 1961; x_wconf 78' lang='lat' dir='ltr'>plerique</span> <span class='ocrx_word' id='word_1_237' title='bbox 525 1921 615 1953; x_wconf 83' lang='lat' dir='ltr'>codd.</span> 
     </span>
    </p>

    <p class='ocr_par' dir='ltr' id='par_1_13' title="bbox 283 1964 1270 2004">
     <span class='ocr_line' id='line_1_38' title="bbox 283 1964 1270 2004; baseline 0 -8"><span class='ocrx_word' id='word_1_238' title='bbox 283 1966 297 1985; x_wconf 84' lang='lat'>⁴¹</span> <span class='ocrx_word' id='word_1_239' title='bbox 321 1966 404 1996; x_wconf 80' lang='lat' dir='ltr'>trita</span> <span class='ocrx_word' id='word_1_240' title='bbox 416 1965 535 2002; x_wconf 71' lang='lat' dir='ltr'>Ianus,</span> <span class='ocrx_word' id='word_1_241' title='bbox 550 1964 724 2004; x_wconf 64' lang='lat' dir='ltr'>Deilefsem</span> <span class='ocrx_word' id='word_1_242' title='bbox 740 1964 897 2004; x_wconf 74' lang='lat' dir='ltr'>Mayhosf</span> <span class='ocrx_word' id='word_1_243' title='bbox 908 1978 915 1996; x_wconf 90' lang='lat'>:</span> <span class='ocrx_word' id='word_1_244' title='bbox 943 1965 1045 1996; x_wconf 81' lang='lat' dir='ltr'>tritae</span> <span class='ocrx_word' id='word_1_245' title='bbox 1059 1965 1167 2004; x_wconf 80' lang='lat' dir='ltr'>(trite)</span> <span class='ocrx_word' id='word_1_246' title='bbox 1180 1964 1270 1996; x_wconf 80' lang='lat' dir='ltr'>codd.</span> 
     </span>
    </p>

    <p class='ocr_par' dir='ltr' id='par_1_14' title="bbox 284 2007 1377 2049">
     <span class='ocr_line' id='line_1_39' title="bbox 284 2007 1377 2049; baseline 0.001 -11"><span class='ocrx_word' id='word_1_247' title='bbox 284 2008 295 2026; x_wconf 91' lang='lat'>⁵</span> <span class='ocrx_word' id='word_1_248' title='bbox 319 2008 464 2039; x_wconf 84' lang='lat' dir='ltr'>cacaliae</span> <span class='ocrx_word' id='word_1_249' title='bbox 477 2007 560 2039; x_wconf 79' lang='lat' dir='ltr'>coni,</span> <span class='ocrx_word' id='word_1_250' title='bbox 581 2008 620 2038; x_wconf 86' lang='lat' dir='ltr'><em>M</em></span> <span class='ocrx_word' id='word_1_251' title='bbox 622 2007 737 2049; x_wconf 76' lang='lat' dir='ltr'>aykoff</span> <span class='ocrx_word' id='word_1_252' title='bbox 742 2018 752 2038; x_wconf 92' lang='grc'>.·</span> <span class='ocrx_word' id='word_1_253' title='bbox 777 2007 917 2047; x_wconf 76' lang='lat' dir='ltr'>fortasse</span> <span class='ocrx_word' id='word_1_254' title='bbox 930 2007 1088 2039; x_wconf 76' lang='lat' dir='ltr'>omissum</span> <span class='ocrx_word' id='word_1_255' title='bbox 1101 2009 1154 2039; x_wconf 89' lang='lat' dir='ltr'>cui</span> <span class='ocrx_word' id='word_1_256' title='bbox 1167 2011 1241 2039; x_wconf 78' lang='lat' dir='ltr'>ante</span> <span class='ocrx_word' id='word_1_257' title='bbox 1253 2017 1377 2039; x_wconf 85' lang='lat' dir='ltr'>semen.</span> 
     </span>
    </p>
   </div>
   <div class='ocr_carea' id='block_1_8' title="bbox 235 2088 306 2124">
    <p class='ocr_par' dir='ltr' id='par_1_15' title="bbox 235 2088 306 2124">
     <span class='ocr_line' id='line_1_40' title="bbox 235 2088 306 2124; baseline 0.014 -12"><span class='ocrx_word' id='word_1_258' title='bbox 235 2088 306 2124; x_wconf 86' lang='lat'>230</span> 
     </span>
    </p>
   </div>
  </div>
 </body>
</html>
