1459 2288
391 137 584 175 PLINY:
631 137 895 175 NATURAL
930 135 1165 173 HISTORY

98 247 153 278 181
186 254 441 291 panorumve.
496 241 673 277 ieiunum
707 252 792 276 esse
826 239 974 275 debere
1008 240 1074 288 qui
1107 237 1280 287 colligat,
1314 240 1367 273 sic

98 715 156 746 182

193 301 300 336 abire
317 299 331 321 ¹
375 302 412 335 in
455 299 617 335 domum
662 299 836 334 absentis
879 299 941 334 cui
983 297 1195 333 medeatur
1235 308 1368 345 super-

193 360 449 406 venientique
466 363 528 393 ter
545 357 675 393 dicere
692 357 824 392 ieiuno
839 357 1016 392 ieiunum
1033 355 1370 391 medicamentum

193 417 300 461 dare,
325 422 446 465 atque
469 418 525 452 ita
548 414 763 465 adalligare
786 414 998 463 triduoque
1020 414 1060 450 id
1082 412 1224 450 facere.
1266 413 1370 462 quod

194 489 215 512 e
271 477 495 525 graminum
550 486 699 524 genere
756 478 912 522 septem
968 472 1193 509 internodia
1248 471 1371 509 habet

194 534 461 570 efficacissime
491 535 611 582 capiti
636 537 775 568 contra
801 531 955 568 dolores
983 529 1233 581 adalligatur.
1288 532 1368 580 qui-

193 593 284 629 dam
307 598 469 641 propter
487 594 641 627 vesicae
662 593 859 627 cruciatus
880 591 1090 627 decoctum
1110 603 1158 626 ex
1177 591 1267 626 vino
1284 602 1370 639 gra-

195 665 287 687 men
308 651 359 687 ad
378 651 560 687 dimidias
582 663 605 686 a
622 649 789 686 balineis
808 650 889 686 bibi
910 649 1062 685 iubent.

236 709 379 745 CXIX.
410 708 511 745 Sunt
553 711 618 758 qui
662 714 704 744 et
751 708 981 745 aculeatum
1021 720 1187 757 gramen
1228 713 1371 743 vocent

193 771 311 804 trium
361 781 567 817 generum.
623 780 712 803 cum
762 769 802 803 in
850 768 1055 803 cacumine
1105 765 1229 802 aculei
1279 770 1371 802 sunt

193 826 406 876 plurimum
428 828 550 875 quini,
571 825 759 876 dactylon
781 824 997 874 appellant.
1053 824 1123 860 hos
1141 823 1370 860 convolutos

192 886 351 922 naribus
404 887 583 921 inserunt
637 884 935 933 extrahuntque
989 885 1190 933 sanguinis
1243 883 1370 919 ciendi

191 947 331 994 gratia.
389 942 527 985 altero,
552 943 657 992 quod
682 948 743 979 est
767 945 875 979 aizoo
898 942 1038 985 simile,
1062 942 1112 978 ad
1132 941 1370 991 paronychia

193 1008 234 1038 et
256 1005 440 1052 pterygia
461 1004 653 1051 unguium
676 1007 730 1044 et,
752 1014 841 1037 cum
862 1014 952 1036 caro
973 1000 1171 1049 unguibus
1193 1001 1371 1042 increvit,

193 1067 361 1097 utuntur
377 1074 466 1096 cum
485 1062 671 1110 axungia,
688 1060 778 1096 ideo
795 1059 982 1110 dactylon
1000 1058 1263 1108 appellantes,
1280 1061 1370 1108 quia

97 1125 156 1156 183
186 1120 320 1169 digitis
340 1119 562 1156 medeatur.
619 1121 783 1155 tertium
802 1131 929 1167 genus
949 1117 1112 1168 dactyli,
1132 1117 1202 1154 sed
1226 1119 1371 1159 tenuis,

99 1477 158 1509 184

194 1181 366 1214 nascitur
392 1181 432 1214 in
458 1180 662 1227 parietinis
691 1183 759 1213 aut
787 1176 943 1226 tegulis.
999 1176 1088 1213 huic
1115 1178 1290 1212 caustica
1315 1178 1371 1211 vis

194 1243 265 1273 est.
322 1239 426 1273 sistit
475 1236 606 1273 ulcera
655 1249 757 1285 quae
807 1241 983 1284 serpunt.
1038 1248 1204 1285 gramen
1251 1237 1369 1284 capiti

193 1296 481 1332 circumdatum
517 1297 719 1344 sanguinis
756 1307 777 1330 e
814 1295 974 1330 naribus
1010 1293 1217 1330 fluctiones
1253 1295 1368 1329 sistit.

192 1355 362 1391 camelos
383 1367 524 1390 necare
544 1354 717 1390 traditur
735 1356 774 1390 in
794 1352 1006 1404 Babylonis
1025 1355 1187 1403 regione
1207 1352 1247 1389 id
1266 1352 1371 1401 quod

193 1416 305 1450 iuxta
325 1416 405 1449 vias
425 1415 611 1449 nascitur.

238 1471 359 1508 CXX.
391 1472 473 1508 Nec
509 1471 602 1507 feno
642 1471 795 1507 Graeco
834 1473 961 1507 minor
1000 1473 1229 1513 auctoritas,
1266 1469 1371 1519 quod

194 1530 291 1567 telin
304 1536 460 1573 vocant,
474 1530 538 1566 alii
551 1529 730 1579 carphos‚
744 1529 864 1579 aliqui
876 1530 1056 1572 buceras,
1069 1529 1132 1565 alii
1147 1541 1372 1578 aegoceraS,

193 1592 381 1638 quoniam
414 1588 619 1625 corniculis
653 1601 791 1625 semen
824 1594 885 1624 est
919 1588 1059 1631 simile,
1092 1601 1162 1624 nos
1196 1587 1369 1623 siliciam.

194 1648 392 1697 quomodo
435 1653 635 1684 sereretur
677 1648 882 1683 docuimus
925 1660 995 1683 suo
1038 1646 1134 1682 loco.
1190 1647 1245 1682 vis
1289 1647 1372 1682 eius

194 1709 353 1750 siccare,
400 1706 566 1749 mollire,
614 1705 840 1743 dissolvere.
896 1718 1011 1742 sucus
1058 1704 1211 1741 decocti
1261 1703 1371 1740 femi-

193 1778 333 1801 narum
376 1764 553 1814 pluribus
595 1764 707 1801 malis
750 1764 949 1807 subvenit,
987 1766 1069 1800 sive
1107 1762 1253 1800 duritia
1291 1765 1371 1799 sive

241 1843 321 1915 {dsic
343 1842 436 1872 abire
457 1841 644 1882 Detlessen:
668 1842 717 1872 ita
738 1841 785 1872 ire
806 1851 881 1872 cum
902 1851 968 1871 uno
989 1840 1056 1871 cod.
1081 1840 1236 1881 Mayhoff
1247 1852 1254 1872 :
1280 1839 1371 1871 varia

195 1894 242 1915 coc
270 1907 285 1917 s.

361 1977 375 1991 ‘¹
401 1973 419 1984 ‘⁴
437 1972 488 2004 Ox
506 1973 625 2004 horn.''
871 1972 883 1991 ὸ
909 1972 927 1984 “
943 1971 1060 2003 Goat's
1077 1971 1194 2003 h01·n.”

598 2021 608 2034 ⁰
632 2015 690 2047 See
708 2015 838 2047 XVIII.
857 2017 871 2055 §
889 2016 959 2046 140.

194 2063 259 2097 128
