1459 2288
389 142 585 180 PLINY:
630 143 894 180 NATURAL
926 142 1162 180 HISTORY

187 250 440 282 macerantur
491 250 614 294 atque
665 247 723 281 ita
769 244 957 281 adversus
1002 243 1165 293 capillos
1182 244 1196 267 1
1241 250 1363 294 caput

191 301 409 348 inungitur.

239 351 458 388 LXXXVI.
490 351 553 387 Fit
590 356 633 387 et
669 363 718 387 ex
765 350 982 387 callitriche
1028 356 1360 388 sternumentum.

186 405 279 442 folia
309 410 401 441 sunt
430 404 657 447 lenticulae,
687 404 819 440 caules
847 407 952 440 iunci
982 407 1203 440 tenuissimi
1230 405 1362 441 radice

186 461 361 495 minima.
416 461 591 494 nascitur
608 460 740 507 opacis
759 463 801 494 et
818 458 976 501 umidis,
994 463 1159 507 gustatu
1176 457 1345 494 fervens.

106 517 166 547 136
244 511 486 547 LXXXVII.
515 511 725 561 Hysopum
746 513 787 547 in
807 511 894 547 oleo
914 513 1129 547 contritum
1155 510 1361 560 phthiriasi

186 568 335 602 resistit
362 570 403 601 et
429 567 622 615 prurigini
648 567 689 600 in
716 566 859 613 capite.
915 570 976 600 est
1003 570 1139 601 autem
1166 567 1361 613 optimum

186 618 368 655 Cilicium
415 631 436 654 e
481 618 610 654 Tauro
656 623 807 660 monte,
853 617 945 654 dein
992 616 1272 667 Pamphylium
1318 631 1362 654 ac

186 671 464 722 Zmyrnaeum.
519 671 724 708 stomacho
746 673 987 707 contrarium
1009 677 1156 721 purgat
1177 684 1267 707 cum
1290 671 1362 708 fico

185 731 390 774 sumptum
436 738 507 774 per
553 723 720 767 inferna,
767 737 857 760 cum
903 724 1023 760 melle
1070 725 1360 761 vomitionibus.

185 785 332 828 putant
362 784 404 815 et
429 781 676 827 serpentium
701 778 845 814 ictibus
875 777 1073 814 adversari
1102 780 1243 814 tritum
1271 791 1361 814 cum

185 832 304 868 melle
328 838 369 868 et
389 831 470 868 sale
492 837 533 868 et
552 834 721 868 cumino.

96 891 154 921 137
233 885 498 921 LXXXVIII.
531 884 733 921 Lonchitis
763 898 854 927 non,
884 889 930 920 ut
955 884 1134 933 plerique
1162 887 1362 921 existima-

190 945 345 982 verunt,
383 939 524 975 eadem
562 944 623 974 est
659 951 761 987 quae
798 937 960 987 xiphion
997 943 1067 974 aut
1102 937 1361 987 phasganion,

186 1005 430 1041 quamquam
453 992 607 1041 cuspidi
626 991 763 1027 similis
786 993 959 1027 semine:
999 990 1123 1027 habet
1144 994 1249 1027 enim
1268 990 1363 1028 folia

185 1048 290 1095 porri
318 1046 504 1082 rubentia
532 1045 582 1082 ad
609 1045 784 1081 radicem
812 1050 854 1081 et
880 1044 995 1094 plura
1022 1057 1143 1093 quam
1169 1047 1209 1080 in
1236 1044 1361 1088 caule,

185 1099 361 1148 capitula
376 1101 552 1148 personis
566 1100 723 1135 comicis
736 1097 894 1141 similia,
907 1111 1070 1147 parvam
1087 1099 1361 1135 exserentibus

185 1152 377 1202 linguam,
390 1153 589 1189 radicibus
601 1151 838 1201 praelongis.
886 1154 1061 1188 nascitur
1072 1153 1113 1187 in
1120 1152 1359 1188 sitientibus.

101 1211 160 1242 138
187 1206 410 1242 LXXXIX.
442 1219 463 1242 e
480 1206 634 1243 diverso
650 1204 813 1254 xiphion
830 1210 871 1241 et
886 1204 1133 1255 phasganion
1146 1207 1186 1241 in
1201 1205 1358 1242 umidis.

185 1273 276 1296 cum
318 1262 490 1309 primum
530 1261 627 1302 exit,
666 1258 790 1308 gladii
828 1258 997 1307 praebet
1036 1261 1210 1307 speciem
1248 1258 1361 1295 caule

185 1313 309 1349 duum
329 1313 568 1355 cubitorum,
589 1311 720 1348 radice
747 1311 797 1348 ad
822 1314 931 1348 nucis
959 1311 1168 1348 abellanae
1194 1311 1361 1362 figuram

185 1366 398 1409 fimbriata,
419 1379 538 1415 quam
558 1364 675 1402 effodi
695 1371 789 1402 ante
808 1378 956 1401 messes
975 1371 1148 1414 oportet,
1167 1367 1302 1402 siccari
1320 1368 1360 1402 in

186 1420 338 1456 umbra.
393 1422 571 1468 superior
584 1432 674 1468 pars
691 1421 774 1455 eius
789 1431 879 1455 cum
894 1424 983 1455 ture
998 1421 1108 1462 trita,
1123 1431 1251 1468 aequo
1265 1432 1361 1468 pon-

185 1473 280 1510 dere
300 1473 479 1510 admixto
500 1475 604 1516 vino,
624 1485 712 1509 ossa
741 1471 869 1508 fracta
897 1472 1058 1521 capite2
1087 1471 1263 1509 extrahit
1291 1478 1361 1509 aut

186 1527 375 1576 quicquid
393 1529 433 1563 in
456 1539 619 1575 corpore
643 1531 850 1575 suppurat,
870 1525 933 1562 vel
952 1528 983 1562 si
1003 1525 1156 1562 calcata
1175 1528 1255 1563 sint
1274 1539 1361 1563 ossa

96 1585 154 1615 139
180 1583 401 1630 serpentis;
449 1580 590 1616 eadem
619 1585 757 1616 contra
786 1592 940 1616 venena
968 1579 1117 1615 efficax.
1172 1585 1293 1628 caput
1319 1582 1360 1616 in

236 1658 246 1676 ¹
271 1658 434 1689 adversus
465 1656 604 1698 capillos
634 1667 665 1693 a,
700 1655 886 1696 Detlefsen:
936 1656 1081 1688 adverso
1112 1656 1233 1697 capilio
1267 1656 1361 1688 ceteri

186 1700 289 1737 codd„
306 1700 347 1731 M
349 1700 470 1740 ayhoff.

223 1745 235 1763 ²
259 1743 416 1784 Mayhoff
430 1743 637 1784 (Appendix)
654 1753 672 1774 e
687 1742 763 1773 add.

227 1818 282 1849 ⁰1
303 1819 391 1849 have
409 1817 597 1849 translated
621 1817 787 1858 Mayhoff'
790 1827 805 1848 s
823 1819 899 1847 text
918 1817 1063 1848 without
1082 1827 1150 1858 any
1169 1817 1361 1848 confidence

184 1861 262 1892 that
278 1862 306 1892 it
321 1862 349 1892 is
366 1864 504 1897 correct,
521 1870 584 1891 nor
598 1861 626 1891 is
643 1859 827 1890 Detlefsen'
830 1870 856 1896 s,
874 1859 956 1890 with
972 1870 993 1890 a
1009 1870 1141 1890 comma
1127 1828 1283 1896 y,before
1299 1863 1361 1891 not

183 1904 282 1940 after,
296 1903 465 1943 serpenti&
480 1913 547 1943 any
560 1913 652 1933 more
669 1903 862 1938 attractive,
876 1902 928 1932 for
942 1902 1052 1932 Ph‘nv’
1055 1913 1071 1933 s
1086 1901 1183 1933 usual
1198 1902 1341 1942 phrase·
1332 1913 1361 1933 is

182 1951 291 1977 contra
327 1950 497 1986 serpentes.
544 1945 614 1976 But
661 1945 703 1976 cf.
751 1944 873 1976 XXIV
919 1944 971 1975 61.
1018 1936 1089 1975 The
1134 1945 1280 1985 position
1326 1945 1364 1976 of

182 1988 346 2028 serpentis
373 1988 440 2019 and
466 1988 524 2019 the
552 1988 660 2028 plural
686 1997 806 2018 venena
833 1997 889 2017 are
916 1987 1013 2018 other
1030 1987 1227 2027 objections.
1275 1987 1360 2018 Now

185 2041 260 2062 ossa
278 2031 436 2072 serpentis
455 2031 482 2062 is
499 2030 577 2061 odd.
624 2030 682 2071 My
699 2029 808 2061 friend
826 2029 888 2060 Mt.
906 2029 998 2061 John
1017 2029 1198 2062 Chadwick
1214 2029 1291 2061 tells
1305 2039 1360 2061 me

186 2086 253 2122 232
