1459 2288
117 390 177 420 103

117 710 177 740 104

118 1083 176 1115 105

394 175 590 213 PLINY:
635 176 900 214 NATURAL
933 176 1171 214 HISTORY

194 292 273 316 non
305 278 484 321 tradunt,
517 291 590 314 nec
622 277 729 314 aliud
761 291 881 328 quam
912 278 1134 316 silvestrem
1166 279 1369 317 latioribus

195 331 296 369 foliis
315 345 414 375 esse,
433 332 691 368 efficaciorem
707 331 809 368 hanc
822 332 836 354 1
854 335 1004 368 semine
1023 335 1183 369 acriore.

249 384 474 421 LXXVIII.
506 384 800 434 Leucographis
816 385 941 434 qualis
963 392 1069 422 esset
1088 388 1278 435 scriptum
1293 400 1372 423 non

196 441 366 487 repperi,
384 438 491 487 quod
509 451 555 474 eo
571 441 697 488 magis
715 441 846 481 miror,
865 441 1052 487 quoniam
1069 439 1176 476 utilis
1192 439 1374 488 proditur

195 494 430 541 sanguinem
470 492 748 528 excreantibus
787 492 913 528 tribus
952 492 1077 528 obolis
1116 505 1206 528 cum
1244 505 1369 536 croco,

195 548 293 581 item
325 544 519 588 coeliacis,
550 547 647 581 trita
678 557 727 581 ex
760 558 864 594 aqua
895 550 938 581 et
968 545 1151 594 adposita
1181 545 1371 595 profluvio

195 597 446 641 feminarum,
477 598 678 634 oculorum
709 611 868 648 quoque
898 598 1200 635 medicamentis
1231 605 1274 636 et
1304 612 1370 636 ex-

195 651 349 701 plendis
368 651 564 688 ulceribus
584 664 686 700 quae
706 651 804 688 fiant
821 654 862 688 in
880 654 1028 688 teneris
1047 652 1238 701 partibus.

249 704 432 741 LXXIX.
457 704 623 741 Medion
635 703 729 741 folia
739 704 863 742 habet
874 704 1034 741 seridis²
1047 705 1372 748 sativae‚caulem

196 758 434 807 tripedalem
469 764 511 794 et
545 761 585 794 in
620 771 667 794 eo
702 757 839 794 florem
873 758 1080 807 grandem,
1115 772 1371 808 purpureum,

194 811 425 854 rotundum,
464 814 614 848 semine
653 814 822 854 minuto,
860 811 1035 848 radicem
1073 812 1370 861 semipedalem.

194 867 234 901 in
253 868 356 901 saxis
375 867 506 914 opacis
525 867 710 901 nascitur.
766 864 878 901 radix
897 864 1092 901 drachmis
1111 865 1264 902 duabus
1283 878 1372 902 eum

194 918 312 955 melle
334 931 490 955 menses
512 917 750 954 feminarum
772 921 876 955 sistit
897 918 1109 968 ecligmate
1130 931 1202 968 per
1223 918 1374 968 aliquot

194 971 279 1008 dies
309 978 481 1021 sumpto.
536 985 674 1008 semen
704 984 862 1021 quoque
892 974 933 1008 in
962 974 1052 1008 vino
1082 977 1221 1008 contra
1250 973 1373 1008 abun-

195 1025 374 1061 dantiam
393 1024 632 1061 feminarum
651 1025 781 1074 datur.

249 1078 409 1114 LXXX.
442 1077 631 1128 Myosota
643 1081 723 1115 sive
737 1080 941 1128 myosotis,
953 1077 1048 1114 levis
1061 1077 1185 1115 herba
1197 1078 1373 1115 caulibus

194 1131 371 1182 pluribus
395 1132 445 1168 ab
467 1145 548 1168 una
570 1131 715 1175 radice,
739 1131 990 1181 aliquatenus
1013 1132 1261 1175 rubentibus,
1284 1145 1374 1168 con—

195 1188 312 1228 cavis,
341 1186 392 1221 ab
420 1188 499 1221 imo
527 1184 628 1221 foliis
657 1188 850 1234 angustis,
878 1184 1072 1235 oblongis,
1100 1185 1215 1222 dorso
1243 1191 1373 1228 acuto,

195 1241 329 1288 nigris,
367 1252 438 1288 per
473 1238 682 1275 intervalla
718 1238 884 1275 adsidue
921 1241 1147 1288 geminatis,
1184 1239 1372 1275 tenuibus

195 1291 395 1328 cauliculis
416 1305 465 1328 ex
487 1291 556 1328 alis
577 1291 878 1341 prodeuntibus,
898 1291 993 1328 flore
1013 1291 1207 1328 caeruleo.
1261 1292 1373 1328 radix

195 1345 349 1395 digitali
381 1345 642 1382 crassitudine
674 1345 808 1381 multis
841 1344 1130 1394 capillamentis
1163 1345 1372 1382 fimbriata.

195 1401 250 1435 vis
278 1402 313 1434 ei
342 1398 542 1448 iseptica†
562 1398 578 1421 3
604 1404 646 1435 et
672 1398 950 1442 exulceratrix,
975 1398 1145 1448 ideoque
1172 1398 1372 1448 aegilopas

248 1472 259 1491 ¹
284 1473 371 1503 hanc
388 1472 490 1508 codd„
509 1472 684 1513 Mayhoff:
716 1483 755 1504 ac
777 1472 917 1508 Urlichs,
936 1471 1111 1512 Deilefsen.

245 1516 258 1534 ²
281 1516 398 1546 seridis
421 1526 436 1546 e
458 1515 569 1546 Dio-sc.
591 1515 624 1555 (I
634 1515 658 1546 V
682 1517 735 1554 18)
760 1515 959 1546 Hermolaus
980 1515 1159 1552 Barbarus,
1182 1514 1368 1555 Detlefsen:

202 1558 294 1589 iridis
311 1558 467 1598 illaylzoff
479 1571 485 1589 :
511 1558 628 1589 hiridjs
644 1558 684 1589 E.

245 1603 257 1620 ³
281 1602 409 1642 septica
434 1601 547 1632 codd.:
588 1612 642 1641 eqo
671 1602 832 1632 smectica
863 1600 968 1633 coni.:
1001 1602 1151 1632 caustica
1181 1600 1252 1632 coll.
1284 1602 1373 1641 §112

205 1645 440 1684 Warminqlon.

233 1722 248 1735 ⁴²
270 1717 365 1748 With
382 1717 567 1757 Mayhoff’s
583 1717 733 1757 reading,
755 1716 773 1728 “
788 1716 880 1748 iris.''

238 1760 250 1779 b
274 1760 487 1791 Dioscorides
505 1770 548 1791 on
567 1760 625 1791 the
645 1764 803 1800 contrary
822 1770 900 1800 says
920 1759 982 1798 (IV
1002 1761 1073 1797 18):
1107 1760 1179 1799 ἅγει
1197 1759 1336 1802 ἔμμηνα.

235 1807 246 1821 ⁶
269 1802 426 1843 Mayhoff
441 1803 493 1833 for
511 1803 590 1833 levis
609 1806 763 1844 suggests
782 1803 902 1839 tenuis,
925 1802 944 1814 “
959 1802 1126 1834 slender.⁷’

234 1845 249 1864 ‘²
271 1845 428 1886 Mayhoff
448 1849 654 1886 punctuates
679 1846 828 1876 concavis
851 1845 891 1876 ab
917 1845 994 1882 imo,
1020 1845 1088 1876 and
1112 1848 1266 1886 suggests
1290 1844 1369 1876 that

191 1889 232 1920 ab
248 1889 315 1919 imo
330 1888 453 1919 should
469 1889 510 1919 be
526 1889 728 1929 transposed
743 1892 780 1919 to
798 1899 892 1919 come
908 1888 997 1919 after
1012 1888 1210 1919 rubentibus.

240 1937 250 1951 ⁶
273 1932 383 1962 Littre
420 1931 602 1962 translates
638 1931 707 1962 this
743 1931 899 1972 puzzling
937 1934 1095 1962 sentence
1132 1931 1234 1962 thus:
1288 1929 1307 1942 “
1323 1930 1371 1961 La

195 1974 322 2015 qualite
351 1975 393 2005 de
423 1978 512 2006 cette
541 1975 653 2005 racine
681 1977 734 2005 est
762 1975 918 2015 septique
946 1978 981 2005 et
1010 1973 1243 2010 exulcerant&
1286 1973 1370 2005 ainsi

193 2015 380 2058 guerit-elle
396 2016 580 2058 aegilops.’'
627 2017 698 2048 But
714 2016 790 2048 how
802 2027 864 2048 can
876 2028 896 2048 a
909 2016 928 2028 ‘⁴
944 2017 1051 2058 septic
1067 2017 1135 2048 and
1151 2016 1338 2057 ulcerating
1350 2015 1370 2028 ”

194 2060 402 2101 application
420 2071 497 2091 cure
514 2071 534 2091 a
552 2059 702 2092 Iacrimal
718 2059 857 2092 fistula?
896 2059 1095 2100 Something
1112 2070 1149 2090 or
1165 2059 1262 2090 other
1279 2062 1371 2090 must

193 2134 262 2171 452
