1459 2288
75 396 134 427 105

74 768 134 798 106

365 127 559 164 PLINY:
606 127 870 165 NATURAL
903 127 1139 165 HISTORY

165 237 302 268 contra
327 231 483 266 morbos
509 243 623 265 suum
648 230 864 278 boumque,
890 242 963 265 nec
988 232 1184 278 respicere
1210 229 1344 280 legen-

164 291 261 328 tem,
289 296 420 333 neque
447 283 539 319 alibi
566 296 685 332 quam
712 285 752 318 in
778 282 904 318 canali
931 283 1146 332 deponere,
1173 284 1227 319 ibi
1254 296 1344 320 con-

165 343 296 374 terere
315 339 478 386 poturis.

213 390 355 426 LXIV.
385 389 613 426 Cummium
633 401 783 438 genera
802 388 985 425 diximus.
1038 390 1079 424 in
1098 387 1157 424 his
1176 391 1345 425 maiores

166 442 329 480 effectus
358 442 529 478 melioris
559 445 750 491 cuiusque
781 448 910 478 erunt.
966 441 1154 478 dentibus
1183 442 1344 478 inutiles

165 502 271 539 sunt,
318 498 552 546 sanguinem
599 495 814 545 coagulant
861 500 903 531 et
948 494 1039 531 ideo
1085 496 1345 532 reicientibus

165 552 399 599 sanguinem
436 554 615 598 prosunt,
653 551 751 584 item
788 549 996 591 ambustis,
1034 550 1205 585 arteriae
1241 551 1345 585 vitiis

165 603 338 645 inutiles,
393 605 547 638 urinam
601 604 721 645 cient,
776 601 1061 638 amaritudines
1115 601 1343 638 hebetant.1

166 656 364 692 adstrictis
403 658 560 698 ceteris,
615 668 718 704 quae
758 667 807 690 ex
847 654 1061 704 amygdala
1105 667 1241 691 amara
1285 660 1346 691 est

165 709 462 758 spissandisque
504 709 721 744 visceribus
762 708 968 751 efficacior,
997 707 1123 744 habet
1152 707 1344 744 excalfac-

162 765 282 798 torias
322 764 434 798 vires.
500 761 826 810 postponuntur2
866 774 1083 810 prunorum
1125 767 1261 797 autem
1302 767 1345 798 et

165 828 389 851 cerasorum
411 828 455 851 ac
470 817 622 851 vitium,
679 817 827 851 siccant
850 814 986 850 inlitae
1010 820 1051 850 et
1074 814 1342 864 adstringunt,

167 882 215 904 ex
241 874 354 904 aceto
378 881 470 904 vero
494 867 707 904 infantium
733 867 906 904 lichenes
930 873 1086 910 sanant,
1111 873 1278 916 prosunt
1302 873 1343 904 et

164 924 261 958 tussi
273 924 399 958 veteri
411 926 602 970 quattuor
615 921 738 957 obolis
751 923 792 957 in
805 926 938 957 musto
950 920 966 943 3
978 923 1095 970 potis.
1127 920 1344 957 creduntur

166 980 208 1011 et
241 974 411 1011 colorem
445 977 662 1024 gratiorem
695 973 827 1011 facere
860 975 1119 1023 ciborumque
1149 973 1342 1023 adpeten-

215 1062 227 1080 1
250 1062 306 1093 Sic
330 1062 404 1093 dist.
430 1062 592 1102 fliaykoff.
640 1061 814 1098 hebetant,
834 1062 1007 1093 adstrictis
1032 1062 1163 1093 ceteris.
1191 1072 1277 1102 quae
1303 1071 1345 1093 ex

168 1105 349 1146 amygdala
373 1115 489 1135 amara
516 1110 579 1141 est,
607 1105 843 1145 spissandique
869 1105 929 1145 (sic
953 1104 1049 1135 multi
1079 1104 1183 1143 codd.)
1215 1104 1345 1135 viribus

168 1148 334 1179 efficacior
380 1148 487 1187 wlff:
548 1148 721 1179 adstrictis
768 1148 887 1179 ceteris
934 1147 1130 1183 visceribus,
1180 1157 1266 1187 quae
1303 1158 1345 1178 ex

169 1190 351 1231 amygdala
364 1201 481 1221 amara
493 1194 556 1227 est,
576 1191 812 1230 spissandique
830 1191 997 1221 efficacior
1015 1190 1179 1231 Detlefsen
1197 1190 1344 1230 (Urlichs

168 1235 328 1271 secutus):
369 1233 544 1264 hebetant.
570 1234 795 1264 adstrictoriis
823 1234 953 1270 ceteris,
982 1243 1069 1273 quae
1096 1243 1137 1263 ex
1162 1233 1345 1274 amygdala

170 1287 286 1307 amara
302 1280 354 1306 est
371 1277 626 1316 spissandisque
643 1276 826 1307 visceribas
843 1276 1010 1307 efficacior
1026 1275 1190 1316 Mayhoff.

212 1319 224 1337 2
248 1322 504 1359 postponuntur
536 1318 698 1360 Dellefsen
732 1318 801 1349 coll.
837 1319 939 1350 XIII.
986 1319 1088 1358 §662
1121 1318 1269 1349 deterior
1303 1329 1343 1349 ex

168 1361 360 1402 amygdalis
380 1363 506 1392 amaris
529 1365 562 1392 et
588 1372 713 1398 ceraso,
730 1362 877 1402 pessima
896 1372 913 1392 e
937 1362 1076 1402 prunis:
1107 1364 1346 1402 proponuntur

172 1405 272 1441 codd„
292 1404 452 1443 Jlayhoff.

211 1446 223 1464 ³
247 1452 362 1477 musto
382 1446 490 1486 Silliq,
507 1446 625 1483 Ianus,
641 1451 699 1477 vet.
715 1445 792 1477 Dal.
809 1459 815 1476 :
844 1447 954 1477 mixto
974 1446 1077 1483 codd„
1095 1445 1258 1486 Mayhoff.

205 1568 220 1583 ⁰
243 1565 339 1596 Book
358 1565 459 1596 XIII.
478 1565 509 1604 ἓξ
527 1566 567 1596 66
584 1565 619 1596 ff.

203 1606 216 1625 ὂ
239 1608 274 1638 If
297 1607 380 1638 with
406 1608 563 1648 Mayhoff
586 1619 634 1639 we
662 1612 725 1648 put
752 1618 773 1638 a
798 1607 860 1638 full
887 1611 965 1648 stop
992 1611 1029 1638 at
1055 1607 1201 1638 hebetant
1227 1608 1296 1639 and
1322 1618 1343 1639 a

161 1661 293 1682 comma
309 1654 346 1681 at
361 1651 471 1682 ceteris
493 1661 541 1681 we
564 1661 626 1681 can
649 1651 748 1682 make
770 1661 865 1682 sense
887 1650 926 1681 of
942 1650 1012 1682 this
1034 1661 1176 1691 passage
1197 1650 1344 1682 without

159 1694 388 1724 emendation.
435 1694 482 1724 As
499 1694 527 1724 is
545 1694 686 1734 pointed
704 1697 765 1724 out
783 1694 817 1724 in
836 1693 1024 1729 Forcellini,
1043 1693 1217 1724 adstrictus
1235 1704 1341 1724 some-

160 1737 260 1767 times
292 1747 408 1767 means
444 1737 462 1747 “
478 1736 671 1775 αδίνίπρεηδ,
705 1736 847 1772 acerbus,
882 1736 1071 1777 στρυφνός.”
1119 1736 1169 1767 Cf.
1203 1735 1342 1767 XXVII

161 1780 175 1817 ξ
197 1780 268 1815 121,
289 1783 384 1817 yustu
404 1779 566 1810 adstricto.
614 1779 650 1810 If
665 1778 723 1810 the
743 1779 805 1810 fun
824 1783 902 1819 stop
920 1781 948 1810 is
968 1783 1032 1820 put
1051 1783 1089 1810 at
1108 1779 1229 1815 ceteris,
1249 1789 1343 1810 some

162 1822 253 1852 word
268 1823 428 1862 meaning
444 1822 463 1833 ‘⁴
478 1823 666 1862 properties
682 1822 714 1858 ³³,
730 1832 793 1862 e.g.
810 1822 948 1858 viribus,
966 1826 1060 1852 must
1076 1821 1117 1852 be
1134 1821 1343 1852 understood

162 1864 243 1894 with
276 1865 325 1895 it:
375 1865 394 1875 ‘⁴
409 1875 507 1905 gums
540 1865 672 1895 deaden
706 1865 901 1901 bitterness,
935 1865 1004 1895 and
1035 1863 1124 1895 their
1156 1865 1342 1905 properties

161 1907 330 1947 generally
366 1917 422 1938 are
458 1907 682 1948 astringent.⁷’
732 1907 802 1938 The
838 1907 936 1938 other
970 1908 1198 1948 punctuation
1233 1917 1341 1938 seems

162 1949 282 1980 better.
330 1949 487 1990 Possibly
506 1949 601 1981 there
620 1951 648 1980 is
668 1961 688 1980 a
708 1950 830 1981 lacuna
849 1950 937 1981 after
956 1960 1081 1980 amara.
1128 1949 1341 1981 Dioscorides

162 1992 178 2022 I
209 1993 279 2028 1⁸23,
311 1992 347 2024 τὸ
378 1991 412 2023 δὲ
443 1992 541 2032 κόμμι
575 1992 673 2034 αὐτῆς
706 1996 762 2031 (sc.
787 1992 972 2034 ἀμυγδάλης
997 1994 1124 2033 πικρᾶς)
1149 1992 1261 2033 στύφει
1286 1992 1341 2024 καὶ

169 2053 212 2098 76
