1459 2288
357 137 552 174 PLINY:
599 137 861 175 NATURAL
895 136 1131 174 HISTORY

155 246 294 277 contra
312 240 417 276 mala
441 242 516 276 oris
542 239 839 288 oculorumque,
864 241 1101 289 sanguinem
1126 251 1332 275 exscrean-

155 304 230 343 tes,
245 301 422 348 anginas,
438 297 587 341 vulvas,
601 297 729 343 sedes,
745 297 936 334 coeliacos
952 297 1200 347 intellegitur
1215 302 1332 346 potus

156 363 225 394 aut
249 357 396 393 inlitus.
452 359 527 393 oris
553 356 714 406 quidem
740 358 843 392 vitiis
870 359 992 393 etiam
1017 355 1111 392 folia
1134 369 1333 392 comman-

155 416 301 452 ducata
327 421 507 465 prosunt,
529 421 570 452 et
591 415 787 452 ulceribus
807 415 1063 451 manantibus
1084 420 1154 451 aut
1175 415 1333 464 quibus-

155 487 325 523 cumque
355 476 394 510 in
425 477 555 523 capite
585 474 816 510 inlinuntur.
872 473 1060 510 cardiacis
1090 472 1152 509 vel
1181 475 1234 509 sic
1264 486 1334 522 per

155 546 196 569 se
219 535 464 582 inponuntur
486 546 508 568 a
536 546 711 569 mamma
740 535 910 576 sinistra,
933 534 1031 568 item
1061 531 1265 568 stomacho
1293 534 1333 568 in

66 597 126 627 119
152 591 351 628 doloribus
381 591 582 640 oculisque
612 591 921 641 procidentibus.
977 590 1191 627 instillatur
1219 603 1334 626 sucus

157 663 292 687 eorum
319 655 361 686 et
387 651 558 686 auribus.
614 656 728 686 sanat
754 649 1034 699 condylomata
1059 662 1149 685 cum
1175 661 1334 685 rosaceo

155 714 301 745 cerato.
357 708 637 745 cauliculorum
665 722 713 745 ex
741 711 831 745 vino
858 708 1068 745 decoctum
1095 720 1195 744 uvae
1222 720 1334 756 prae-

155 773 392 803 sentaneum
406 767 627 804 remedium
643 773 714 803 est.
770 767 876 803 idem
891 780 962 816 per
975 779 1017 802 se
1031 768 1071 802 in
1085 766 1172 802 cibo
1186 768 1332 815 sumpti

155 839 295 876 cymae
326 826 445 862 modo
478 832 548 862 aut
580 826 734 863 decocti
766 828 804 861 in
838 827 928 862 vino
961 831 1120 861 austero
1152 824 1334 860 labantes

156 885 297 921 dentes
316 884 486 921 firmant.
542 884 673 921 alvum
690 887 836 921 sistunt
854 890 894 920 et
911 883 1103 933 profluvia
1119 885 1334 933 sanguinis,

156 943 405 993 dysintericis
442 949 621 993 prosunt,
659 946 856 979 siccantur
891 945 931 978 in
967 943 1121 985 umbra,
1158 947 1203 978 ut
1240 943 1334 977 cinis

155 1008 421 1038 crematorum
446 1015 563 1038 uvam
590 1005 792 1051 reprimat.
847 1000 940 1038 folia
970 1013 1128 1050 quoque
1159 999 1334 1036 arefacta

157 1067 197 1097 et
231 1067 397 1097 contusa
430 1063 698 1097 iumentorum
732 1060 928 1096 ulceribus
962 1059 1075 1096 utilia
1107 1059 1332 1095 traduntur.

67 1124 126 1154 120
152 1133 261 1155 mora
276 1132 378 1168 quae
392 1122 432 1155 in
446 1119 505 1155 his
519 1125 736 1155 nascuntur
749 1118 809 1155 vel
825 1119 1082 1155 efficaciorem
1097 1120 1334 1154 stomaticen

156 1178 413 1227 praebuerint
429 1191 549 1227 quam
565 1180 691 1214 sativa
705 1191 849 1214 morus.
891 1177 1032 1213 eadem
1049 1179 1334 1226 compositione

156 1236 217 1272 vel
247 1250 336 1272 cum
364 1236 641 1286 hypocisthide
670 1242 830 1272 tantum
860 1241 901 1272 et
929 1235 1047 1272 melle
1076 1236 1268 1272 bibuntur
1294 1237 1334 1270 in

156 1295 313 1331 cholera
356 1301 397 1331 et
440 1309 463 1331 a
504 1295 692 1332 cardiacis
735 1300 777 1331 et
819 1300 957 1332 contra
999 1307 1176 1330 araneos.
1230 1296 1336 1330 inter

156 1354 451 1390 medicamenta
486 1367 588 1403 quae
624 1356 798 1403 styptica
832 1359 976 1390 vocant
1011 1352 1106 1389 nihil
1141 1352 1334 1388 efficacius

157 1413 241 1448 rubi
267 1426 377 1448 mora
402 1411 567 1449 ferentis
592 1412 724 1449 radice
749 1412 916 1449 decocta
939 1414 979 1448 in
1003 1414 1094 1448 tino
1120 1411 1170 1447 ad
1194 1413 1334 1447 tertias

156 1476 304 1520 partes,
323 1476 368 1507 ut
386 1471 595 1507 coluantur
614 1484 660 1508 eo
679 1473 754 1507 oris
773 1470 906 1507 ulcera
926 1476 967 1507 et
985 1470 1089 1506 sedis
1108 1468 1334 1506 foveantur-

157 1542 234 1578 que
249 1529 263 1551 ¹
280 1543 289 1573 ;
317 1535 431 1566 tanta
449 1532 504 1566 vis
524 1535 584 1566 est
602 1535 647 1566 ut
664 1542 865 1579 spongeae
882 1531 992 1578 ipsae
1009 1528 1268 1578 lapidescant.

202 1616 213 1634 1
238 1615 486 1655 foveanturque
511 1620 571 1646 tres
595 1615 695 1652 codd„
720 1615 902 1656 Detlefsen:
942 1615 1135 1652 foveantur,
1162 1624 1248 1655 quae
1270 1613 1335 1645 duo

161 1659 262 1694 codd,
279 1658 440 1698 Maylzofs.

196 1781 210 1796 ⁰
234 1778 385 1818 Perhaps
403 1782 423 1795 ‘⁴
438 1776 515 1808 on.’'

198 1819 210 1838 ²>
233 1820 299 1850 For
318 1820 487 1851 cardiacus
518 1820 647 1851 morbus
678 1831 731 1852 see
754 1820 869 1852 Celsus
900 1819 966 1851 III.
994 1821 1031 1851 19
1054 1819 1137 1850 with
1159 1819 1333 1860 Spencer's

151 1866 242 1893 note.
289 1863 360 1894 The
383 1864 535 1894 Romans
557 1873 646 1894 seem
668 1867 705 1894 to
728 1863 816 1894 have
838 1863 1001 1894 confused
1023 1863 1151 1893 certain
1173 1862 1278 1893 forms
1300 1861 1338 1892 of

151 1905 356 1978 indflgeStion
377 1906 445 1936 and
466 1906 564 1937 heart
584 1906 728 1937 trouble.
777 1906 926 1946 Perhaps
947 1905 1005 1936 the
1026 1905 1129 1936 latter
1149 1906 1177 1936 is
1197 1904 1334 1936 alluded

152 1952 207 2010 ἰοί
228 1959 291 2023 {lez-
307 1991 421 2023 Celsus
438 1991 497 2024 VI.
511 1993 542 2029 6,
560 1993 578 2023 8
594 1992 647 2023 for
663 1992 846 2031 πρόπτωσις
861 1991 901 2023 of
911 1991 970 2023 the
985 2001 1074 2032 eyes.

157 2053 203 2088 86
