1459 2288
73 217 113 247 46

348 110 539 148 PLINY:
584 110 847 147 NATURAL
879 111 1114 148 HISTORY

192 212 319 248 XXX.
351 212 542 248 Fraxinus
589 225 708 261 quam
755 214 831 248 vim
878 212 1063 248 adversus
1110 218 1317 262 serpentes

140 266 309 302 haberet
330 265 601 301 indicavimus.
656 278 793 301 semen
815 264 917 301 foliis
940 267 1022 301 eius
1044 267 1162 309 inest,
1184 279 1287 315 quae
1303 265 1318 288 1

139 319 354 356 medentur
372 321 566 361 iocineris,
584 318 755 354 laterum
775 318 973 355 doloribus
992 321 1032 354 in
1051 321 1154 362 vino,
1174 332 1317 368 aquam

140 385 243 421 quae
266 372 373 408 subit
394 377 528 408 cutem
552 371 781 407 extrahunt.
836 385 976 420 corpus
997 372 1162 408 obesum
1184 372 1318 408 levant

140 438 260 461 onere
277 427 422 461 sensim
439 425 490 461 ad
505 427 673 460 maciem
689 425 952 468 reducentia,²
968 424 1095 461 isdem
1111 424 1211 461 foliis
1227 438 1318 461 cum

140 481 230 515 vino
250 480 353 514 tritis
374 477 424 514 ad
443 480 584 514 virium
603 480 841 527 portionem,
857 480 915 514 ita
934 483 979 514 ut
997 491 1121 526 puero
1141 480 1316 528 quinque

140 531 234 568 folia
259 531 385 567 tribus
411 531 565 580 cyathis
592 531 824 574 diluantur,³
850 531 1135 567 robustioribus
1161 537 1316 580 septem

141 584 232 621 folia
260 587 388 633 quinis
409 587 498 620 vini.
554 598 631 620 non
659 584 928 621 omittendum
955 590 1138 621 ramenta
1165 587 1248 621 eius
1276 591 1317 621 et

140 638 298 674 scobem
321 651 343 673 a
365 637 602 686 quibusdam
624 637 801 673 cavenda
822 637 1007 686 praedici.

190 691 340 727 XXXI.
370 692 507 727 Aceris
550 691 661 727 radix
704 696 898 727 contunsa
941 704 962 727 e
1005 692 1094 726 vino
1136 692 1316 727 iocineris

139 744 339 781 doloribus
359 743 625 780 efficacissime
645 746 858 793 inponitur.

190 797 362 833 XXXII.
392 795 531 846 Populi
560 797 673 833 albae
700 810 866 833 uvarum
893 799 933 832 in
960 798 1175 846 unguentis
1202 810 1317 832 usum

141 852 406 899 exposuimus.
461 856 598 886 cortex
622 855 739 899 potus
761 849 980 886 ischiadicis
1004 855 1046 886 et
1068 852 1317 899 stranguriae

139 903 316 953 prodest,
370 902 551 939 foliorum
605 916 720 939 sucus
772 903 921 939 calidus
974 905 1127 939 aurium
1180 903 1315 939 dolori.

140 959 291 1006 virgam
326 956 461 1006 populi
497 959 536 992 in
570 969 690 992 manu
726 957 958 992 tenentibus
993 958 1203 1006 intertrigo
1238 969 1315 992 non

139 1010 376 1046 metuatur.4
428 1009 595 1058 populus
613 1012 726 1059 nigra
742 1009 1010 1046 efficacissima
1025 1009 1197 1046 habetur
1214 1022 1316 1058 quae

139 1065 179 1099 in
221 1063 342 1100 Creta
383 1066 569 1099 nascitur.
624 1063 888 1099 comitialibus
930 1075 1067 1099 semen
1109 1075 1158 1098 ex
1201 1068 1315 1099 aceto

140 1116 269 1152 utile.5
322 1115 454 1152 fundit
476 1116 541 1152 illa
566 1122 607 1152 et
629 1119 799 1152 resinam
824 1119 1024 1166 exiguam,
1047 1129 1127 1165 qua
1149 1121 1317 1152 utuntur

139 1169 190 1206 ad
229 1169 486 1219 malagmata.
553 1169 646 1206 folia
688 1169 873 1219 podagris
914 1172 954 1205 in
994 1175 1108 1205 aceto
1148 1169 1316 1206 decocta

138 1225 396 1272 inponuntur.
442 1236 554 1259 umor
575 1236 596 1259 e
618 1225 721 1259 cavis
742 1222 877 1272 populi
898 1225 1036 1272 nigrae
1058 1222 1221 1258 effluens
1243 1228 1286 1259 et
1300 1223 1315 1245 ⁶

190 1300 202 1318 1
228 1310 314 1340 quae
337 1310 409 1330 cum
429 1300 553 1330 duobus
576 1299 676 1336 codd„
692 1299 788 1340 only„
810 1299 917 1340 Silliq,
942 1299 1127 1341 Detlefsen:
1154 1309 1221 1340 quo
1243 1309 1315 1330 cum

142 1343 266 1374 duobus
282 1343 444 1383 fllayhoff.

188 1386 200 1404 ²
224 1385 421 1416 reducentia
441 1384 529 1416 codd.
547 1397 554 1415 :
587 1385 828 1416 reducentibus
848 1384 1011 1425 Mayhosf.

186 1428 199 1446 ³
223 1429 398 1459 diluantur
431 1439 504 1459 cnm
537 1428 661 1459 dnobus
694 1428 781 1459 codd.
815 1428 1001 1469 Dellefsen:
1039 1427 1231 1459 dirivantur
1262 1428 1313 1459 E:

143 1471 267 1502 dentur
296 1471 403 1511 vulqst
442 1471 654 1502 diribeantur
687 1471 842 1511 Moylzoff
867 1471 924 1511 qui
951 1470 1070 1511 confert
1098 1470 1161 1503 XI.
1187 1471 1263 1510 §44
1287 1475 1316 1501 et

142 1514 309 1546 XXXVI.
328 1515 342 1553 ξ
358 1515 429 1545 118.

187 1557 200 1576 ⁴¹
223 1560 398 1588 metuatur
414 1561 472 1587 aut
488 1557 654 1588 metuitur
671 1556 758 1588 codd.

190 1599 202 1618 ⁵
226 1600 311 1631 utile
328 1599 504 1640 Mayhoff:
534 1599 664 1630 inditur
680 1599 844 1641 Detlefsen
861 1611 868 1629 ε
898 1600 932 1629 in
949 1599 1038 1630 codd.

191 1643 203 1661 ὅ
227 1647 261 1674 et
292 1644 417 1673 attritu
447 1642 623 1682 odoratus]
656 1647 726 1682 post
753 1642 966 1682 papulasque
993 1641 1062 1681 (sed
1089 1652 1163 1673 cum
1190 1652 1237 1673 vv.
1264 1641 1313 1681 ll.)

144 1686 251 1722 cocld.;
282 1685 482 1725 transposuit
511 1685 657 1720 Crlichs;
688 1689 740 1716 est
757 1685 881 1716 att-ritu
898 1684 1060 1716 odoratus
1078 1684 1114 1715 in
1130 1684 1315 1724 parenthesi

142 1729 306 1769 Illayhoff.

183 1813 197 1827 ‘²
220 1809 281 1841 See
298 1809 392 1839 XVI.
411 1810 425 1848 ξ
443 1810 493 1840 64.

183 1852 194 1871 ⁶
218 1853 276 1884 Le.
302 1852 359 1882 the
379 1850 550 1892 “wing3,'‘
569 1852 601 1882 in
618 1851 701 1883 each
717 1851 757 1882 of
768 1851 878 1882 which
894 1861 914 1881 a
930 1851 1007 1883 seed
1023 1851 1093 1883 lies.

182 1900 193 1913 ⁶
217 1895 275 1926 I.e.
294 1895 424 1932 winged
442 1894 547 1926 seeds.

182 1937 197 1956 ‘¹
220 1937 317 1968 Book
335 1933 416 1968 X'II.
435 1938 449 1977 ξ
470 1938 539 1968 132.
592 1936 738 1968 Uvarum
755 1946 862 1967 seems
878 1940 915 1967 to
931 1936 1018 1967 refer
1032 1940 1070 1967 to
1085 1935 1227 1968 cathina.

182 1986 192 1996 ‘
216 1980 432 2011 Dioscorides
455 1980 482 2011 I.
507 1981 547 2011 83
572 1979 791 2019 (Wellmann)
813 1989 915 2020 says:
950 1979 987 2011 τὸ
1004 1978 1038 2018 ἐξ
1056 1979 1160 2011 αὐτῶν
1176 1979 1313 2019 δάκρυον

140 2043 186 2089 38
