1459 2288
411 159 606 196 PLINY:
652 159 915 197 NATURAL
949 159 1185 195 HISTORY

212 265 335 314 pilum
365 269 569 313 peruncto.
624 263 801 300 dolorem
830 266 969 313 capitis
999 263 1113 299 sedat
1142 263 1387 313 temporibus

212 338 253 368 et
276 330 395 367 fronti
417 333 590 379 inposita
613 343 662 366 ex
685 336 799 366 aceto
823 336 865 366 et
886 343 1046 366 rosaceo
1067 329 1309 379 dilutiorque
1330 332 1387 365 in-

147 403 185 432 18
210 398 308 434 fusa.
364 396 566 433 oculorum
590 399 687 433 vitia
711 399 842 433 omnia
866 399 993 433 sanari
1019 409 1067 433 ea
1090 399 1289 440 convenit,
1312 398 1388 446 pri-

214 467 334 501 vatim
355 466 576 513 prurigines
598 470 640 500 et
661 463 833 500 scabiem
854 476 1061 513 genarum,
1082 465 1180 499 item
1200 465 1390 513 insignita

212 545 256 568 ac
274 531 395 567 livida
412 530 526 567 inlita
545 543 635 567 cum
655 529 788 572 melle,
808 533 980 566 maxime
1001 529 1179 573 Pontico,
1198 530 1389 572 tonsillas,

211 600 390 648 gingivas
411 603 453 634 et
472 599 604 633 omnia
623 600 697 633 oris
718 596 863 640 ulcera,
882 599 1083 647 sanguinis
1103 599 1388 639 excreationes,

212 667 242 702 si
262 664 442 701 modicae
463 666 555 707 sint,
575 663 764 700 drachma
784 676 832 700 ex
854 677 971 713 aqua,
991 666 1021 700 si
1041 666 1184 707 minffi,
1205 677 1254 700 ex
1276 669 1389 700 aceto

211 737 318 782 pota.
373 731 579 767 volnerum
603 743 761 780 quoque
786 733 1020 780 sanguinem
1045 736 1086 767 et
1110 730 1388 780 undecumque

147 803 185 833 19
208 798 401 835 fluentem
437 800 541 834 sistit
577 810 648 847 per
683 810 725 834 se
763 797 824 833 vel
862 811 910 834 ex
948 803 1074 834 aceto.
1134 797 1228 834 alias
1269 800 1390 834 etiam

213 871 273 902 est
309 864 534 901 volneribus
570 864 779 900 utilissima
813 863 864 900 ad
898 866 1122 900 cicatricem
1157 864 1388 913 perducens.

213 931 355 969 eadem
385 933 627 981 inspergitur
661 931 897 968 exulceratis
929 930 1173 980 genitalibus
1206 934 1389 975 virorum,

212 999 500 1049 condylomatis
527 1000 714 1047 rimisque
742 997 860 1041 sedis,
888 997 982 1034 alias
1011 1011 1060 1034 ex
1087 1000 1190 1041 vino,
1219 998 1313 1034 alias
1341 1011 1390 1034 ex

214 1080 340 1116 passo,
362 1065 456 1102 alias
479 1067 580 1101 sicca
601 1078 671 1115 per
693 1078 749 1107 se,
771 1071 817 1101 ut
839 1067 975 1114 exigat
996 1065 1219 1114 mitiganda
1240 1067 1391 1102 curatio

213 1139 281 1170 aut
336 1132 567 1169 coercenda.
635 1131 983 1168 haemorrhoidum
1049 1145 1206 1181 quoque
1268 1132 1390 1168 abun-

145 1204 187 1235 20
210 1200 388 1236 dantiam
415 1199 559 1235 leniter
586 1201 700 1235 sistit.
756 1199 999 1248 dysinteriae
1026 1197 1250 1236 infunditur
1276 1205 1332 1243 et,
1358 1201 1387 1235 si

146 1805 185 1836 21

211 1266 403 1303 difficilius
433 1272 730 1315 concoquantur
759 1266 849 1308 cibi,
879 1266 1028 1302 bibitur
1057 1279 1080 1302 a
1109 1279 1208 1302 cena
1236 1265 1391 1303 modico

213 1333 433 1375 intervallo,
461 1339 503 1369 et
529 1335 569 1368 in
596 1335 704 1382 regio
731 1333 869 1369 morbo
895 1333 1021 1369 tribus
1048 1332 1171 1369 obolis
1199 1346 1247 1369 ex
1276 1346 1391 1382 aqua,

212 1400 453 1437 devorantur
478 1406 519 1436 et
543 1399 689 1448 pilulae
714 1413 803 1435 cum
827 1399 956 1435 mellis
980 1399 1145 1436 decocto
1171 1406 1240 1437 aut
1264 1402 1393 1436 resina

213 1466 485 1504 terebinthina
539 1466 589 1503 ad
644 1466 852 1516 purganda
906 1468 1105 1503 interiora.
1173 1466 1390 1516 digitorum

215 1536 399 1584 pterygia
432 1533 552 1576 tollit,
587 1532 788 1569 oculorum
823 1532 1125 1570 medicamentis
1158 1532 1314 1570 lavatur
1347 1539 1393 1569 ut

214 1600 321 1651 quod
353 1603 403 1637 sit
435 1600 783 1636 harenosissimum
816 1599 1010 1643 subsidat,
1044 1606 1114 1636 aut
1146 1606 1320 1637 torretur
1351 1602 1391 1636 in

213 1674 320 1705 testa
342 1670 543 1717 pinnaque
567 1666 734 1703 subinde
758 1673 937 1703 versatur
959 1672 1004 1703 ut
1026 1669 1149 1716 possit
1173 1666 1392 1717 aequaliter

214 1740 366 1772 torreri.

262 1801 330 1837 VI.
360 1800 484 1837 Alcea
523 1799 618 1837 folia
656 1799 781 1837 habet
823 1800 965 1836 similia
1004 1800 1249 1837 verbenacae
1289 1814 1391 1851 quae

215 1871 432 1905 aristereon
466 1869 781 1917 cognominatur,
816 1866 947 1903 caules
982 1873 1062 1904 tres
1097 1873 1167 1904 aut
1201 1873 1392 1916 quattuor

214 1934 397 1972 foliorum
434 1934 587 1984 plenos,
625 1932 762 1970 florem
800 1947 925 1977 rosae,
963 1933 1115 1971 radices
1154 1934 1262 1971 albas
1300 1947 1389 1971 cum

213 2001 440 2051 plurumum
489 2013 573 2043 sex,
622 1999 828 2043 cubitales,
878 2000 1070 2050 obliquas.
1127 2003 1301 2038 nascitur
1348 2004 1389 2037 in

213 2085 284 2115 400
