1459 2288
111 586 170 616 140

117 1013 173 1044 141

401 156 596 193 PLINY:
642 156 905 194 NATURAL
939 156 1176 195 HISTORY

201 259 337 297 dolore
365 265 521 295 veratro
548 261 588 295 in
615 258 702 295 oleo
730 258 792 295 vel
819 271 979 295 rosaceo
1007 259 1173 297 decocto
1199 262 1379 310 tritoque

201 315 327 363 ungui
356 315 555 356 convenit,
585 312 818 361 peucedano
848 325 898 349 ex
928 312 1016 349 oleo
1045 313 1108 349 vel
1149 327 1308 350 rosaceo
1338 320 1380 351 et

203 373 329 403 aceto.
384 366 567 415 tepidum
583 365 656 402 hoc
671 366 835 415 prodest
851 371 893 403 et
909 365 1109 403 doloribus
1125 369 1193 415 qui
1207 366 1380 416 plerum-

202 433 280 469 que
301 433 351 456 ex
372 419 538 456 dimidia
559 425 674 468 parte
698 422 838 468 capitis
863 422 1092 456 sentiuntur
1115 426 1157 457 et
1180 423 1378 471 vertigini.

201 478 433 523 perungunt
471 478 513 509 et
548 473 681 509 radice
719 475 802 509 eius
840 473 991 510 sudoris
1028 486 1147 510 causa
1184 473 1380 518 eliciendi,

202 529 390 576 quoniam
408 528 583 563 caustica
600 528 655 562 vis
675 528 710 562 ei
729 532 802 563 est.

247 579 328 616 XC.
359 578 534 630 Psyllion
576 579 641 615 alii
681 579 883 630 cynoides,
926 579 991 616 alii
1031 580 1274 630 crystallion,
1315 581 1381 618 alii

202 633 399 676 sicelicon,
439 633 505 669 alii
545 636 797 683 cynomyiam
838 633 1056 682 appellant,
1096 634 1228 671 radice
1267 637 1381 671 tenui

202 700 460 736 supervacua,
484 692 791 730 sarmentosum,
815 685 932 723 fabae
955 689 1088 736 granis
1116 690 1156 723 in
1184 691 1381 725 cacumin-

201 741 302 784 ibus,
339 739 441 777 foliis
479 743 619 777 canino
655 743 776 789 capiti
812 754 890 777 non
927 740 1194 784 dissimilibus,
1230 744 1381 778 semine

203 800 339 831 autem
352 793 486 843 pulici,
500 794 606 830 unde
621 799 662 830 et
674 806 832 830 nomen.
887 793 961 830 hoc
973 796 1014 830 in
1026 795 1146 837 bacis,
1159 797 1245 844 ipsa
1256 794 1381 832 herba

201 850 241 884 in
276 850 399 884 vineis
434 849 646 884 invenitur.
701 850 757 883 vis
793 847 843 884 ad
877 846 1194 897 refrigerandum
1229 854 1271 885 et
1304 849 1382 886 dis·

202 901 435 938 cutiendum
459 903 612 950 ingens.
668 913 805 937 semen
830 903 870 937 in
894 914 979 937 usu.
1034 900 1155 938 fronti
1178 904 1382 951 inponitur

201 957 241 991 in
258 954 394 991 dolore
411 960 452 991 et
467 954 716 1004 temporibus
734 967 782 990 ex
800 960 913 991 aceto
931 960 972 991 et
987 968 1147 991 rosaceo
1164 961 1233 992 aut
1248 969 1378 1005 posca.

203 1008 254 1045 ad
289 1014 425 1045 cetera
460 1007 653 1044 inlinitur.
709 1007 909 1044 acetabuli
945 1021 1134 1045 mensura
1162 1012 1382 1046 sextarium

204 1075 332 1111 aquae
359 1062 502 1098 densat
533 1074 577 1097 ac
609 1061 830 1104 contrahit3
857 1067 953 1098 tunc
984 1067 1115 1098 terere
1147 1068 1307 1112 oportet
1338 1069 1380 1100 et

202 1115 506 1152 crassitudinem
525 1114 692 1151 inlinere
708 1118 944 1164 cuicumque
960 1115 1085 1151 dolori
1102 1120 1143 1152 et
1158 1115 1380 1153 collectioni

202 1168 597 1217 inflammationique.
653 1168 880 1205 vulneribus
893 1171 1032 1217 capitis
1046 1169 1232 1206 medetur
1244 1172 1381 1207 aristo-

202 1221 342 1265 lochia,
367 1221 493 1259 fracta
518 1221 732 1258 extrahens
753 1235 840 1259 ossa
860 1228 902 1259 et
921 1224 962 1258 in
982 1222 1059 1258 alia
1079 1223 1241 1272 quidem
1265 1229 1381 1272 parte

202 1278 372 1325 corporis
410 1275 481 1312 sed
514 1278 689 1312 maxime
724 1278 869 1324 capite,
904 1275 1085 1312 similiter
1118 1275 1378 1325 plistolochia.

202 1328 467 1379 thryselinum
509 1335 569 1365 est
609 1342 688 1365 non
728 1328 917 1366 dissimile
957 1331 1058 1378 apio.
1112 1328 1228 1366 huius
1267 1330 1380 1367 radix

203 1383 534 1419 commanducata
553 1388 699 1432 purgat
720 1385 859 1432 capitis
880 1385 1057 1432 pituitas.

253 1436 357 1473 XCI.
388 1436 604 1473 Oculorum
643 1439 768 1472 aciem
805 1439 1010 1473 centaurio
1047 1439 1195 1473 maiore
1233 1443 1380 1487 putant

203 1490 379 1527 adiuvari
433 1492 464 1526 si
520 1489 659 1526 addita
714 1503 818 1539 aqua
872 1489 1095 1533 foveantur,
1145 1504 1238 1527 suco
1287 1504 1379 1528 vero

204 1546 364 1580 minoris
392 1557 483 1580 cum
510 1543 630 1580 melle
672 1543 831 1587 culices,
858 1543 1089 1587 nubeculas,
1117 1544 1379 1582 obscuritates

202 1643 295 1673 often
317 1645 375 1673 cut
392 1642 530 1673 himself
545 1653 588 1673 on
608 1653 628 1673 a
646 1642 780 1673 snake's
799 1642 976 1673 skeleton?
1026 1642 1079 1673 He
1098 1643 1207 1684 might
1224 1643 1380 1675 however

201 1685 306 1726 easily
326 1695 388 1716 run
409 1696 428 1715 a
447 1685 549 1716 thorn
569 1686 643 1716 into
663 1685 714 1716 his
734 1685 807 1716 foot
827 1685 948 1726 during
968 1695 988 1715 a
1008 1689 1261 1727 cross-country
1280 1686 1378 1718 walk.

202 1728 272 1759 The
294 1728 554 1769 corresponding
574 1738 714 1769 passage
734 1728 769 1758 in
790 1727 1003 1758 Dioscorides
1024 1728 1086 1767 (IV
1106 1729 1160 1767 20)
1186 1728 1247 1760 has
1267 1728 1379 1763 ἀκίδας

202 1770 254 1802 καὶ
273 1770 438 1804 σκόλοπας
459 1769 669 1802 ἐπισπᾶσθαι.
717 1770 751 1801 It
767 1771 795 1801 is
815 1770 1032 1810 conjectural,
1054 1770 1116 1801 but
1134 1771 1205 1811 just
1223 1772 1379 1811 possible,

203 1814 280 1844 that
298 1814 456 1854 serpentis
474 1813 536 1844 has
554 1813 708 1854 replaced
728 1823 771 1843 an
791 1812 932 1854 original
949 1813 1050 1853 spina
1069 1813 1210 1844 because
1228 1814 1287 1845 the
1305 1825 1379 1846 ossa

202 1856 240 1887 of
251 1857 309 1887 the
324 1856 397 1887 first
412 1856 523 1886 clause
538 1856 576 1886 of
586 1856 655 1887 this
669 1859 826 1886 sentence
840 1866 909 1886 was
923 1856 1083 1896 repeated
1097 1866 1117 1886 a
1131 1855 1219 1887 little
1233 1856 1319 1887 later
1333 1868 1376 1888 on

202 1898 459 1939 unconsciously
480 1899 524 1939 by
543 1909 563 1929 a
582 1898 721 1929 careless
739 1898 856 1929 scribe.
903 1898 997 1929 Then
1016 1898 1074 1929 the
1092 1908 1186 1929 sense
1205 1899 1316 1930 would
1335 1899 1376 1930 be

203 1941 222 1953 ‘⁴
238 1941 267 1972 if
278 1952 297 1971 a
313 1941 414 1972 thorn
430 1941 490 1972 has
506 1941 590 1971 been
606 1940 750 1971 trodden
766 1940 844 1971 on.''

245 1983 298 2014 All
324 1984 393 2014 this
418 1985 446 2014 is
473 1994 509 2014 so
536 1983 743 2024 conjectural
769 1983 847 2015 that
873 1983 890 2014 I
918 1983 962 2014 do
988 1986 1050 2015 not
1076 1983 1139 2014 feel
1164 1984 1316 2025 justified
1341 1985 1375 2016 in

203 2026 369 2067 changing
401 2026 459 2058 the
491 2029 577 2058 text.

202 2099 271 2137 ²34
