1459 2288
166 1370 184 1397 Cn

409 92 603 129 PLINY:
650 91 912 128 NATURAL
946 90 1181 127 HISTORY

205 208 263 238 ac,
282 197 354 231 nisi
372 196 478 243 prius
496 193 760 230 ostendantur
777 192 850 236 his,
868 195 1047 241 quamvis
1065 205 1192 241 pauca
1208 199 1385 242 portent,

205 248 346 284 sudare
363 248 462 284 ilico.
518 246 668 283 ferulae
686 248 803 282 asinis
820 248 1045 295 gratissimo
1061 251 1154 282 sunt
1170 248 1210 281 in
1226 246 1386 295 pabulo,

204 304 346 337 ceteris
376 314 467 336 vero
496 302 683 336 iumentis
712 305 1003 348 praesentaneo
1031 311 1199 342 veneno,
1228 312 1307 348 qua
1334 299 1384 336 de

204 367 323 390 causa
363 353 401 389 id
442 353 587 389 animal
628 352 772 388 Libero
812 354 915 401 patri
957 351 1203 401 adsignatur,
1242 354 1304 388 cui
1345 358 1387 389 et

203 406 340 443 ferula.
395 406 521 442 surdis
538 408 660 442 etiam
675 418 806 441 rerum
822 418 893 441 sua
907 407 1050 454 cuique
1065 410 1159 441 sunt
1172 418 1327 441 venena
1342 419 1387 442 ac

205 462 375 496 minimis
415 472 586 508 quoque.
642 458 797 508 philyra
834 460 915 494 coci
956 464 997 494 et
1036 458 1182 507 polline
1221 460 1386 494 nimium

205 513 327 549 salem
374 513 470 548 cibis
518 514 713 555 eximunt,
760 510 1032 560 praedulcium
1078 510 1283 548 fastidium
1330 511 1387 547 sal

205 571 418 614 temperat.
473 568 646 601 nitrosae
702 570 772 601 aut
827 577 986 600 amarae
1041 577 1169 613 aquae
1223 564 1387 613 polenta

205 619 341 655 addita
369 621 618 667 mitigantur,
645 623 690 654 ut
716 620 821 654 intra
846 617 944 654 duas
970 617 1086 653 horas
1112 617 1194 653 bibi
1220 620 1386 666 possint,

205 685 284 721 qua
317 671 367 708 de
401 684 519 707 causa
563 674 603 706 in
637 684 767 707 saccos
802 673 970 707 vinarios
1005 670 1166 707 additur
1209 670 1384 719 polenta.

205 725 339 761 similis
365 727 420 760 vis
445 724 623 760 Rhodiae
648 730 783 760 cretae
808 729 850 760 et
875 723 1037 774 argillae
1061 726 1242 760 nostrati.
1296 737 1386 760 con-

205 778 337 814 cordia
380 777 528 820 valent,
571 790 661 813 cum
705 779 772 826 pix
816 776 902 813 oleo
947 775 1184 820 extrahitur,
1228 776 1387 826 quando

205 837 419 879 utrumque
452 833 608 879 pinguis
641 836 808 866 naturae
841 836 914 866 est.
969 829 1101 866 oleum
1132 829 1259 866 solum
1290 830 1385 866 calci

205 887 406 926 miscetur,
448 883 607 932 quando
648 889 863 932 utrumque
905 895 1027 932 aquas
1068 882 1166 920 odit.
1219 885 1385 920 cummis

205 943 319 973 aceto
351 936 501 972 facilius
535 937 693 979 eluitur,
726 941 997 972 atramentum
1029 948 1146 985 aqua,
1178 938 1385 973 innumera

205 996 414 1040 praeterea
438 990 513 1026 alia
537 1003 639 1038 quae
662 992 740 1026 suis
763 989 856 1026 locis
879 989 1064 1026 dicentur
1086 989 1263 1026 adsidue.

256 1043 357 1079 Hinc
377 1049 472 1079 nata
498 1043 706 1079 medicina.
761 1042 860 1079 haec
880 1042 962 1079 sola
988 1048 1155 1079 naturae
1181 1042 1387 1092 placuerat

207 1110 291 1133 esse
325 1096 501 1133 remedia
533 1102 674 1145 parata
705 1095 836 1145 vulgo,
867 1098 1033 1132 inventu
1064 1094 1194 1132 facilia
1225 1109 1270 1132 ac
1302 1098 1385 1132 sine

206 1150 393 1199 inpendio
409 1155 450 1185 et
465 1150 607 1198 quibus
622 1151 798 1185 vivimus.
854 1154 995 1198 postea
1008 1147 1167 1185 fraudes
1181 1148 1385 1186 hominum

206 1209 248 1240 et
282 1205 531 1252 ingeniorum
565 1208 755 1251 capturae
789 1202 961 1239 officinas
995 1205 1182 1239 invenere
1216 1204 1312 1239 istas
1346 1205 1386 1239 in

206 1257 348 1306 quibus
380 1269 450 1292 sua
480 1258 623 1304 cuique
654 1255 803 1292 homini
833 1255 982 1292 venalis
1012 1258 1260 1304 promittitur
1290 1258 1384 1292 vita.

205 1312 341 1346 statim
366 1311 671 1357 compositiones
700 1314 741 1345 et
764 1311 962 1345 mixturae
992 1308 1288 1358 inexplicabiles
1319 1308 1386 1345 de-

204 1368 430 1405 cantantur,
446 1363 595 1398 Arabia
615 1368 737 1411 atque
755 1362 869 1398 India
884 1361 1087 1398 remedia1
1109 1364 1385 1406 aestimantur,

206 1416 406 1465 ulcerique
434 1429 555 1464 parvo
583 1415 780 1452 medicina
808 1429 831 1451 a
859 1415 992 1452 Rubro
1021 1417 1119 1451 mari
1144 1415 1386 1464 inputatur‚²

205 1483 293 1505 cum
341 1469 517 1505 remedia
564 1482 656 1505 vera
703 1469 848 1505 cotidie
896 1471 1169 1517 pauperrimus
1218 1471 1385 1518 quisque

255 1562 265 1580 ¹
291 1562 438 1592 remedia
456 1562 625 1601 Mafshoff:
654 1562 689 1592 in
706 1561 818 1592 media
834 1561 981 1601 plerique
999 1561 1108 1592 codd.:
1137 1562 1171 1592 in
1188 1561 1300 1592 medio
1315 1561 1381 1593 cod.

211 1615 241 1640 a,
259 1604 422 1646 Detlefsen
482 1604 535 1634 vel
550 1605 663 1635 Media
679 1604 762 1635 coni.
782 1603 943 1644 illaylcoff.

254 1648 266 1666 ²
289 1648 470 1688 inputatur
487 1647 587 1684 codd„
606 1646 781 1688 Illayhoff:
812 1648 1006 1687 inportatur
1023 1646 1196 1688 Detlefsen.

252 1742 266 1756 ¹¹
288 1739 384 1769 Creta
401 1749 469 1768 was
488 1738 636 1779 perhaps
654 1738 783 1769 fuller’s
802 1738 911 1769 earth.

252 1782 264 1800 ζ’
287 1781 357 1812 The
376 1785 534 1811 sentence
553 1782 587 1812 in
606 1781 693 1812 form
712 1782 739 1812 is
757 1781 888 1812 similar
904 1785 942 1812 to
961 1782 975 1820 ξ
997 1782 1011 1811 1
1030 1793 1037 1811 :
1063 1785 1098 1812 ul
1116 1780 1279 1812 medicina
1290 1781 1383 1820 fieret

206 1824 303 1855 etiam
321 1824 461 1855 solitudo
480 1824 565 1864 ipsa.
614 1824 708 1855 With
732 1824 914 1864 Mayhoff's
937 1824 1114 1864 ingenious
1138 1824 1379 1855 emendation:

208 1868 227 1879 “
242 1867 380 1903 Arabia,
395 1867 495 1897 India
508 1877 546 1897 or
559 1867 672 1897 Media
686 1877 742 1897 are
756 1867 873 1907 highly
888 1866 1145 1898 commended.‘'

248 1914 258 1927 ⁶
283 1910 376 1941 With
392 1910 451 1940 the
467 1910 606 1951 reading
622 1910 807 1950 importatur
822 1921 832 1941 .·
857 1910 876 1922 “
892 1910 944 1940 for
960 1920 980 1940 a
998 1910 1074 1950 tiny
1090 1920 1165 1941 sore
1180 1920 1201 1940 a
1216 1909 1382 1940 medicine

207 1953 234 1982 is
251 1953 420 1993 imported
440 1953 527 1983 from
545 1952 603 1983 the
623 1952 697 1983 Red
716 1953 779 1984 Sea
792 1952 811 1964 '⁹
831 1952 996 1991 (Arabian
1012 1952 1081 1983 and
1098 1952 1236 1983 Persian
1255 1951 1378 1991 Gulfs).

206 2026 229 2059 4
