1459 2288
129 407 168 438 85

130 939 170 970 86

129 1154 168 1183 87

395 192 591 230 PLINY:
638 193 902 231 NATURAL
935 193 1172 231 HISTORY

196 295 338 338 lorum,
354 300 596 344 tantumque
612 295 763 345 gloriae
779 295 903 332 habet
920 301 965 332 ut
981 295 1121 332 domus
1137 298 1177 332 in
1194 308 1273 345 qua
1289 301 1375 332 sata

197 351 248 385 sit
267 354 357 385 tuta
378 350 631 384 existimetur
651 362 673 384 a
691 348 876 397 periculis
893 349 907 371 1
927 349 1122 385 omnibus.

245 401 412 438 XLVII.
444 401 490 437 In
507 401 649 438 eadem
672 402 864 450 Hispania
884 404 1048 438 inventa
1067 408 1129 438 est
1148 402 1376 439 cantabrica

198 468 269 504 per
311 455 390 491 divi
435 455 609 504 Augusti
652 461 836 504 tempora
879 468 902 491 a
945 455 1155 492 Cantabris
1198 461 1371 505 reperta.

197 511 373 544 nascitur
406 509 555 557 ubique
590 508 703 544 caule
738 511 878 544 iunceo
913 508 1060 557 pedali,
1095 511 1136 544 in
1170 522 1249 557 quo
1283 515 1376 545 sunt

198 561 347 597 flosculi
370 561 530 611 oblongi
553 561 676 597 veluti
699 561 860 605 calathi,
881 564 921 597 in
943 561 1002 598 his
1024 574 1161 598 semen
1182 575 1376 611 perquam

197 617 409 651 minutum.
465 627 538 650 nec
570 614 665 651 alias
697 613 862 651 defuere
896 614 1114 664 Hispaniae
1145 614 1277 651 herbis
1310 628 1376 651 ex-

197 668 415 717 quirendis,
437 674 483 704 ut
505 670 545 703 in
569 668 712 717 quibus
737 671 966 704 etiamnunc
988 667 1108 704 hodie
1130 670 1171 704 in
1193 681 1302 705 more
1326 671 1377 704 sit

198 721 364 758 laetiore
397 723 579 758 convictu
611 724 817 770 potionem
846 734 867 757 e
895 727 1058 758 centum
1090 721 1222 758 herbis
1250 721 1377 758 mulso

198 774 344 811 additis
365 774 527 811 credere
555 774 856 810 saluberrimam
883 777 1248 824 suavissimamque.
1303 788 1376 811 nec

198 830 408 877 quisquam
424 840 574 877 genera
591 840 728 864 earum
744 831 823 864 iam
839 831 949 864 novit
970 834 1040 864 aut
1060 828 1376 871 multitudinem,

198 894 387 917 numerus
408 887 546 917 tamen
568 887 726 917 constat
747 884 787 917 in
808 884 981 917 nomine.

246 934 435 971 XLVIII.
467 934 614 971 Nostra
634 940 745 971 aetas
767 937 950 971 meminit
976 934 1143 971 herbam
1167 937 1206 970 in
1230 934 1374 971 Marsis

198 993 413 1037 repertam.
468 990 645 1024 nascitur
683 993 725 1024 et
762 990 802 1024 in
843 988 1072 1037 Aequicolis
1108 990 1211 1024 circa
1246 991 1375 1024 vicum

199 1041 429 1085 Nervesiae,
460 1046 624 1077 vocatur
661 1041 864 1091 consiligo.
920 1041 1097 1090 prodest,
1132 1046 1177 1078 ut
1211 1041 1373 1078 demon-

198 1095 412 1131 strabimus
432 1107 503 1130 suo
522 1094 621 1137 loco,
641 1094 858 1143 deploratis
878 1097 918 1130 in
937 1094 1099 1143 phthisi.

247 1147 394 1184 XLIX.
426 1147 586 1184 Invenit
615 1160 743 1196 nuper
772 1153 814 1184 et
844 1147 1030 1184 Servilius
1062 1147 1324 1184 Democrates
1355 1161 1376 1184 e

197 1203 332 1250 primis
354 1201 605 1237 medentium
627 1214 747 1250 quam
777 1201 994 1250 appellavit
1022 1201 1217 1244 hibenda,
1240 1214 1376 1250 quarn-

198 1267 319 1304 quam
333 1254 425 1291 ficto
438 1256 587 1290 nomini
600 1254 853 1291 inventione2
868 1257 951 1290 eius
966 1254 1176 1303 adsignata
1189 1257 1374 1290 carmine.

198 1310 374 1344 nascitur
391 1310 565 1344 maxime
585 1310 687 1344 circa
706 1313 844 1344 vetera
862 1313 1125 1344 monumenta
1143 1310 1377 1356 parietinas-

199 1374 276 1410 que
293 1367 334 1398 et
348 1361 499 1397 inculta
512 1363 713 1397 itinerum.
753 1360 869 1397 floret
883 1373 1055 1410 semper,
1070 1359 1163 1397 folio
1178 1363 1376 1404 nasturtii,

198 1414 311 1451 caule
340 1414 518 1457 cubitali,
548 1417 699 1450 semine
734 1417 797 1450 vix
832 1420 877 1450 ut
911 1416 1031 1463 aspici
1064 1416 1200 1463 possit.
1255 1414 1375 1450 radici

199 1468 295 1504 odor
329 1470 528 1504 nasturtii.
583 1481 676 1503 usus
711 1473 867 1504 aestate
909 1468 1102 1504 efficacior
1143 1473 1185 1504 et
1225 1470 1374 1504 recenti

248 1560 259 1578 ¹
287 1558 447 1598 periculis
465 1558 509 1589 V²
528 1557 693 1598 Detlefsen
710 1570 716 1588 :
749 1558 889 1597 piaculis
909 1557 1084 1598 Alayhosf:
1117 1557 1236 1598 piculis
1255 1557 1310 1588 Vl.

248 1603 260 1621 ²
284 1602 480 1632 inventione
507 1600 705 1637 Salmasius,
737 1601 849 1640 Silliqz
914 1600 1101 1631 inventioni
1132 1600 1240 1632 codd*
1290 1600 1375 1632 aliae

201 1643 351 1675 lectiones
366 1645 502 1675 nomine
520 1644 617 1683 (coni.
635 1644 762 1674 homini
781 1643 950 1684 illayhoff)
966 1647 994 1674 et
1010 1644 1190 1684 assignato.

242 1778 256 1791 ¹²
279 1773 463 1813 Mayhoff's
479 1772 619 1813 reading
635 1772 807 1813 (piaculis)
824 1773 851 1803 is
867 1773 1052 1803 attractive
1067 1771 1208 1803 because
1223 1772 1375 1810 difficult,

200 1816 267 1846 and
287 1817 314 1846 is
335 1816 493 1846 different
514 1816 602 1846 from
622 1815 665 1846 Vl
688 1816 735 1855 by
753 1826 816 1846 one
833 1815 935 1846 letter
953 1815 1044 1856 only.
1091 1815 1126 1846 It
1145 1815 1257 1846 would
1277 1826 1376 1846 mean

201 1860 220 1871 “
236 1860 337 1889 crime
355 1859 373 1870 '⁷
395 1869 432 1889 or
452 1860 471 1871 ‘⁶
487 1859 539 1889 sin
554 1859 586 1889 ''.

243 1901 255 1920 ⁶
278 1902 349 1932 The
364 1901 513 1932 calathus
530 1911 600 1932 was
616 1901 927 1942 trumpet-shaped‚
944 1901 1013 1932 and
1029 1911 1065 1932 so
1082 1900 1236 1942 oblonqus
1252 1904 1376 1932 cannot

202 1944 279 1975 here
298 1955 397 1975 mean
418 1945 436 1956 “
452 1944 576 1985 oblong
592 1944 624 1975 ”.

245 1992 255 2005 ⁶
279 1987 351 2024 I.e.,
370 1987 429 2018 the
446 1988 567 2027 potion
584 1987 611 2018 is
629 1987 735 2018 called
753 1987 812 2018 the
832 1987 850 1999 “
867 1986 1136 2028 hundred-plant
1154 1987 1254 2019 doeink
1268 1987 1300 2019 ’'.

242 2029 257 2047 ‘³
281 2030 341 2061 See
359 2030 490 2062 XXVI.
515 2032 529 2070 ἓ
554 2031 604 2061 38.

241 2079 252 2092 ·
275 2074 326 2103 An
344 2073 520 2113 obscurely
536 2073 717 2114 expressed
734 2076 902 2110 sentence,
926 2073 1034 2104 which
1060 2073 1112 2104 led
1136 2083 1229 2105 some
1252 2073 1375 2105 scribes

201 2117 268 2163 198
