1459 2288
428 153 623 190 PLINY:
668 152 932 190 NATURAL
964 152 1201 190 HISTORY

227 257 364 307 pilosa,
418 255 540 292 caulis
595 261 764 299 erectus,
817 254 980 292 cubitali
1034 254 1211 304 amplior.
1265 267 1402 292 semen

226 313 384 360 nigrum
410 309 564 352 inutile,
590 309 703 345 radix
729 321 821 352 una,
847 308 1108 345 crassitudine
1134 308 1261 358 digiti.
1316 321 1403 345 nas-

233 370 377 400 cuntur
398 368 439 399 et
454 365 494 398 in
509 363 809 411 campestribus.
864 362 1033 398 silvestri
1049 361 1143 398 folia
1162 361 1404 411 elelisphaci,

138 423 193 453 121
224 416 634 465 alta,ramislignosis.
691 415 872 452 LXXIV.
901 421 995 452 sunt
1008 421 1050 452 et
1062 414 1284 464 phlomides
1297 415 1402 451 duae

227 470 416 513 hirsutae,
454 469 634 506 rotundis
673 468 788 512 foliis,
826 468 1006 505 humiles.
1060 471 1182 505 tertia
1218 468 1402 518 lychnitis

228 529 403 566 vocatur,
425 523 474 559 ab
496 522 580 559 aliis
602 522 797 572 thryallis,
818 521 919 558 foliis
940 524 1063 558 ternis
1085 527 1155 558 aut
1175 535 1265 558 cum
1284 521 1404 571 pluri-

227 591 336 613 mum
361 579 564 625 quaternis
588 578 724 612 crassis
748 576 1057 625 pinguibusque,
1081 575 1131 611 ad
1154 575 1403 611 lucernarum

228 630 379 666 lumina
413 632 528 679 aptis.
583 632 695 665 aiunt
729 631 769 665 in
804 628 906 665 foliis
942 631 1025 665 eius
1060 641 1180 677 quam
1214 627 1403 665 feminam

227 684 399 720 diximus
446 683 540 719 ficus
586 685 746 719 omnino
792 696 870 719 non
916 688 1157 731 putrescere.
1211 682 1403 731 distingui

227 750 376 787 genera
395 736 493 773 haec
512 749 640 785 paene
661 749 949 785 supervacuum
970 741 1044 778 est,
1063 748 1153 771 cum
1173 738 1252 772 sint
1270 738 1403 772 omnia

228 791 408 827 eiusdem
444 789 620 826 effectus.
675 795 813 826 contra
848 791 1071 838 scorpiones
1108 789 1257 825 bibitur
1291 788 1403 825 radix

227 857 317 880 cum
350 850 441 880 ruta
474 856 523 880 ex
556 856 673 892 aqua,
699 856 846 893 magna
870 842 1136 879 amaritudine
1162 842 1233 879 sed
1260 840 1403 878 effectu

229 898 341 947 pari.1

138 956 198 987 1:22
276 950 434 987 LXXV.
463 949 751 1000 Thelyphonon
775 949 899 986 herba
919 950 969 986 ab
989 948 1074 985 aliis
1093 951 1272 998 scorpion
1293 961 1403 985 voca-

228 1010 294 1041 tur
313 1009 476 1053 propter
495 1003 798 1040 similitudinem
818 1003 971 1039 radicis.
1025 1005 1135 1038 cuius
1155 1008 1266 1039 tactu
1289 1004 1405 1038 mori-

229 1063 351 1094 untur
365 1059 601 1106 scorpiones.
656 1059 792 1106 itaque
808 1062 946 1093 contra
966 1069 1102 1093 eorum
1121 1058 1221 1092 ictus
1242 1056 1402 1092 bibitur.

228 1114 474 1160 scorpionem
522 1116 724 1147 mortuum
772 1112 801 1146 si
852 1112 938 1159 quis
985 1109 1188 1146 helleboro
1235 1109 1405 1146 candido

227 1165 340 1207 linat,
361 1167 602 1201 revivescere
624 1166 746 1200 aiunt.
802 1162 1075 1213 thelyphonon
1099 1175 1258 1199 omnem
1282 1162 1405 1211 quad-

228 1218 406 1267 ripedem
427 1223 545 1254 necat
564 1220 736 1266 inposita
756 1217 937 1253 verendis
963 1216 1109 1259 radice,
1128 1215 1222 1253 folio
1242 1215 1403 1265 quidem

228 1275 332 1308 intra
349 1271 521 1308 eundem
541 1271 662 1314 diem,
678 1270 784 1320 quod
805 1276 866 1306 est
886 1270 1012 1306 simile
1033 1269 1263 1319 cyclamino.
1320 1271 1403 1318 ipsa

228 1325 457 1376 geniculata
489 1327 664 1361 nascitur
695 1327 736 1360 in
769 1326 912 1373 opacis.
967 1324 1235 1372 scorpionibus
1268 1322 1405 1359 adver-

230 1385 340 1415 satur
359 1384 400 1415 et
419 1381 644 1414 vettonicae
663 1391 778 1414 sucus
798 1390 842 1414 ac
860 1377 1113 1427 plantaginis.

139 1437 198 1467 123
276 1431 457 1468 LXXVI.
487 1431 589 1468 Sunt
621 1437 663 1468 et
694 1433 798 1467 ranis
830 1443 997 1474 venena,
1028 1431 1180 1466 rubetis
1218 1432 1404 1471 maxime,

230 1486 478 1534 vidimusque
511 1483 663 1535 Psyllos
695 1487 734 1521 in
766 1490 970 1521 certamen
1003 1483 1056 1520 e2
1086 1485 1231 1533 patinis
1263 1483 1404 1519 cande-

281 1564 290 1582 ¹
316 1563 375 1594 sed
395 1562 519 1594 effectu
543 1563 615 1603 pari
639 1561 796 1602 Mayhoff
810 1572 885 1592 cum
905 1561 1069 1601 plerisque
1093 1560 1182 1592 codd.
1205 1563 1257 1591 est
1280 1559 1404 1591 effectu

236 1607 308 1647 pari
322 1609 445 1646 puncto
457 1609 533 1645 post
548 1606 776 1636 amaritudine
791 1605 898 1644 posito
917 1604 1101 1635 Detlefsen.

277 1650 289 1668 ²
314 1652 485 1680 certamen
501 1659 519 1680 e
536 1648 692 1689 Mayhoff
704 1662 711 1681 :
742 1649 926 1679 certamine
941 1646 1030 1679 codd.

271 1745 285 1759 ‘²
309 1741 379 1772 The
398 1740 416 1752 ‘⁴
432 1740 525 1781 lamp
542 1739 673 1781 plant.’‘

273 1784 285 1803 δ
309 1784 380 1815 The
398 1784 417 1795 ‘⁶
434 1783 518 1815 wick
534 1783 666 1824 plant.'’

270 1832 281 1846 ⁶
303 1827 337 1858 It
353 1837 460 1858 seems
480 1826 675 1866 impossible
691 1829 728 1857 to
750 1825 867 1857 decide
885 1824 1035 1856 whether
1055 1824 1075 1837 “
1088 1835 1124 1855 or
1137 1824 1156 1836 ’‘
1174 1834 1211 1855 or
1229 1824 1248 1836 “
1260 1823 1329 1854 and
1340 1823 1360 1836 ’'
1377 1824 1404 1854 is

227 1870 286 1901 the
302 1870 393 1910 right
409 1869 501 1900 word
519 1869 607 1900 here.

268 1912 283 1931 ἆ
308 1913 360 1944 An
386 1912 527 1944 obscure
552 1915 721 1943 sentence.
770 1910 840 1942 The
865 1910 969 1950 Psylli
994 1920 1080 1941 were
1104 1919 1124 1940 a
1148 1909 1405 1940 north-African

227 1956 326 1992 tribe,
343 1955 646 1991 snake-charmers,
663 1954 731 1985 and
746 1954 917 1994 supposed
932 1957 969 1984 to
984 1953 1025 1984 be
1042 1953 1191 1983 immune
1206 1955 1243 1983 to
1258 1952 1404 1992 poisons.

228 1999 299 2030 The
318 1999 379 2030 hot
398 2009 483 2039 pans
501 2009 587 2029 were
606 2001 643 2029 to
661 1998 793 2028 irritate
812 1997 870 2028 the
889 1996 999 2028 toads.
1047 1995 1117 2027 The
1135 1995 1274 2035 reading
1292 1994 1404 2025 cande-

221 2041 330 2082 factas
350 2042 495 2082 perhaps
515 2042 542 2072 is
561 2041 627 2072 due
646 2044 683 2072 to
702 2040 761 2071 the
780 2040 865 2071 need
885 2040 924 2071 of
939 2050 982 2070 an
1002 2039 1117 2079 object
1135 2041 1172 2069 to
1189 2037 1405 2069 admittentes.

231 2098 301 2130 224
