1459 2288
136 283 195 313 172

134 655 194 686 173

136 977 195 1007 174

135 1405 194 1436 175

422 174 617 212 PLINY:
662 175 925 213 NATURAL
958 175 1193 213 HISTORY

273 278 377 315 CIX.
408 277 687 313 Ranunculum
720 290 903 313 vocamus
937 290 1056 327 quem
1090 278 1232 314 Graeci
1264 278 1395 314 batra-

221 331 348 368 chion.
403 343 553 380 genera
576 333 659 367 eius
685 330 793 366 IIII:
831 344 954 367 unum
977 331 1252 381 pinguioribus
1276 344 1394 380 quam

222 384 416 421 coriandri
441 383 544 420 foliis
570 389 612 420 et
637 384 687 420 ad
712 384 967 420 latitudinem
992 384 1146 420 malvae
1172 384 1396 421 accedenti-

221 438 308 480 bus,
336 437 465 474 colore
492 437 625 479 livido,
652 437 764 473 caule
793 437 874 474 alto
900 437 1036 487 gracili
1064 443 1106 474 et
1133 437 1265 474 radice
1292 437 1394 475 alba.

221 493 396 527 nascitur
415 493 455 526 in
474 490 666 526 limitibus
686 490 830 527 umidis
851 496 892 527 et
908 493 1050 540 opacis.
1095 491 1266 527 alterum
1286 490 1397 528 folio-

221 547 314 587 sius,
334 544 511 593 pluribus
535 543 718 580 foliorum
737 546 929 587 incisuris,
951 544 1157 581 altioribus
1170 544 1185 567 1
1205 544 1394 581 caulibus.

220 600 387 634 tertium
427 600 635 633 minimum
677 603 751 640 est,
792 600 901 647 gravi
943 597 1082 640 odore,
1123 596 1219 634 flore
1261 610 1394 634 aureo.

222 656 409 700 quartum
454 650 581 687 simile
625 650 716 686 huic
761 650 856 687 flore
900 650 1061 687 lacteo.2
1114 652 1295 688 omnibus
1339 653 1395 687 vis

224 706 412 747 caustica,
445 706 476 740 si
509 704 630 740 cruda
663 703 758 740 folia
789 707 1045 753 inponantur,
1077 703 1318 753 pusulasque
1351 710 1397 741 ut

221 760 323 807 ignis
341 756 506 794 faciunt.
561 757 651 794 ideo
671 757 721 794 ad
740 757 868 806 lepras
889 763 930 793 et
948 770 1083 806 psoras
1102 760 1149 793 iis
1168 763 1337 794 utuntur
1355 763 1397 794 et

221 811 271 847 ad
294 810 474 847 tollenda
497 813 701 861 stigmata,
725 813 988 860 causticisque
1009 811 1191 847 omnibus
1215 813 1394 847 miscent.

220 864 405 914 alopeciis
439 867 637 913 inponunt
671 864 854 900 celeriter
887 869 1151 900 removentes
1206 864 1320 900 radix
1354 867 1395 900 in

221 917 356 954 dolore
378 917 710 954 commanducata
731 917 880 954 diutius
902 920 1052 966 rumpit
1073 917 1229 962 dentes,
1253 917 1395 954 eadem

222 974 323 1008 sicca
352 973 507 1007 concisa
536 976 903 1008 sternutamentum
937 976 1009 1007 est.
1068 973 1190 1007 nostri
1224 970 1396 1008 herbarii

222 1030 418 1061 strumum
446 1037 535 1060 eam
560 1030 717 1068 vocant,
744 1027 932 1072 quoniam
956 1023 1143 1061 medetur
1168 1027 1328 1061 strumis
1355 1030 1397 1061 et

222 1080 334 1128 panis
350 1083 464 1128 parte
478 1078 494 1101 ³
514 1080 555 1113 in
575 1077 684 1114 fumo
705 1091 909 1127 suspensa,
925 1078 1175 1127 creduntque
1196 1090 1244 1114 ea
1262 1091 1396 1114 rursus

221 1137 309 1168 sata
334 1131 529 1168 rebellare
557 1144 659 1181 quae
686 1133 911 1168 curaverint
937 1131 1065 1174 vitia‚4
1085 1144 1164 1180 quo
1184 1131 1332 1168 scelere
1354 1137 1396 1168 et

220 1185 454 1235 plantagine
479 1190 659 1221 utuntur.
714 1187 789 1221 oris
814 1184 947 1221 ulcera
969 1187 1076 1221 intus
1101 1197 1216 1221 sucus
1240 1184 1395 1234 planta-

221 1241 323 1289 ginis
358 1238 548 1275 emendat
582 1244 623 1274 et
657 1237 751 1274 folia
784 1237 1017 1287 radicesque
1051 1238 1394 1281 commanducata,

221 1291 283 1328 vel
313 1294 343 1328 si
373 1291 660 1328 rheumatismo
690 1291 844 1327 laboret
873 1304 929 1334 os,
960 1291 1093 1327 ulcera
1122 1290 1396 1341 faetoremque

222 1344 552 1395 quinquefolium,
578 1344 709 1381 ulcera
732 1344 929 1394 psyllium.

272 1398 354 1435 CX.
385 1398 601 1448 Conposita
663 1411 823 1447 quoque
885 1403 1023 1434 contra
1084 1397 1271 1441 faetores,
1333 1398 1396 1434 vel

222 1455 397 1489 maxime
438 1452 672 1501 pudendum
713 1454 867 1495 vitium,
908 1451 1123 1488 trademus.
1167 1464 1261 1501 ergo
1301 1450 1396 1488 folia

221 1508 341 1555 myrti
387 1511 429 1542 et
472 1505 626 1542 lentisci
671 1507 754 1554 pari
798 1504 990 1554 pondere,
1034 1504 1166 1554 gallae
1210 1504 1395 1554 Syriacae

275 1609 286 1627 ¹
310 1607 486 1638 altioribus
503 1607 586 1638 coni.
612 1607 835 1647 Warmz'nqton
853 1619 860 1637 :
879 1606 981 1638 altius
997 1606 1086 1638 codd.

274 1652 285 1670 2
310 1651 419 1682 lacteo
444 1652 473 1689 (e
497 1650 700 1689 Dioscorida)
725 1650 863 1687 Brotier,
887 1650 999 1686 Littre',
1024 1649 1196 1690 Detlessen,
1219 1649 1394 1690 Mayhoff:

227 1693 482 1777 lugegacrzcgzdlult
506 1735 609 1767 delere
637 1736 875 1775 Warminqton,
891 1735 1035 1776 sortasse
1056 1745 1116 1775 per
1138 1734 1397 1776 dittographiam

222 1783 342 1811 ortum.

267 1823 280 1841 ⁴¹
305 1821 391 1853 vitia
406 1822 441 1852 in
459 1820 625 1861 Mayhoff.

260 1934 274 1948 ‘¹
298 1933 318 1946 “
332 1929 520 1971 Employee
536 1940 576 1960 en
594 1929 800 1971 fumigation
815 1939 873 1961 sur
889 1929 921 1960 la
937 1929 1047 1969 partie
1060 1928 1195 1960 malade
1206 1927 1225 1940 ''
1245 1929 1392 1968 (Littre).

218 1973 299 2004 This
316 1974 344 2004 is
363 1973 477 2013 surely
496 1983 621 2013 wrong,
640 1973 692 2004 for
712 1973 771 2004 the
790 1973 896 2004 whole
916 1972 1013 2013 plant
1032 1983 1100 2003 was
1120 1976 1181 2003 not
1199 1972 1313 2009 burnt,
1332 1972 1394 2003 but

218 2017 416 2047 sometimes
436 2015 625 2057 replanted.
672 2016 823 2056 Perhaps
842 2015 901 2046 the
921 2016 1017 2056 plant
1037 2026 1103 2046 was
1123 2015 1262 2046 smoked
1281 2015 1393 2046 before

217 2068 287 2095 use,
305 2069 342 2089 or
358 2059 503 2099 perhaps
519 2059 578 2090 the
595 2062 727 2090 custom
744 2058 812 2090 had
828 2069 847 2089 a
863 2058 1007 2099 magical
1023 2058 1141 2099 origin.

219 2122 290 2168 258
