<?xml version="1.0" encoding="UTF-8"?>
<!DOCTYPE html PUBLIC "-//W3C//DTD XHTML 1.0 Transitional//EN"
    "http://www.w3.org/TR/xhtml1/DTD/xhtml1-transitional.dtd">
<html xmlns="http://www.w3.org/1999/xhtml" xml:lang="en" lang="en">
 <head>
  <title>
</title>
<meta http-equiv="Content-Type" content="text/html;charset=utf-8" />
  <meta name='ocr-system' content='tesseract 3.04.00' />
  <meta name='ocr-capabilities' content='ocr_page ocr_carea ocr_par ocr_line ocrx_word'/>
</head>
<body>
  <div class='ocr_page' id='page_1' title='image "./naturalhistory07plinuoft_0142.png"; bbox 0 0 1459 2288; ppageno 0'>
   <div class='ocr_carea' id='block_1_1' title="bbox 66 385 123 415">
    <p class='ocr_par' dir='ltr' id='par_1_1' title="bbox 66 385 123 415">
     <span class='ocr_line' id='line_1_1' title="bbox 66 385 123 415; baseline 0 0"><span class='ocrx_word' id='word_1_1' title='bbox 66 385 123 415; x_wconf 87' lang='lat'>171</span> 
     </span>
    </p>
   </div>
   <div class='ocr_carea' id='block_1_2' title="bbox 67 802 126 832">
    <p class='ocr_par' dir='ltr' id='par_1_2' title="bbox 67 802 126 832">
     <span class='ocr_line' id='line_1_2' title="bbox 67 802 126 832; baseline 0 0"><span class='ocrx_word' id='word_1_2' title='bbox 67 802 126 832; x_wconf 81' lang='lat'>172</span> 
     </span>
    </p>
   </div>
   <div class='ocr_carea' id='block_1_3' title="bbox 71 1566 131 1596">
    <p class='ocr_par' dir='ltr' id='par_1_3' title="bbox 71 1566 131 1596">
     <span class='ocr_line' id='line_1_3' title="bbox 71 1566 131 1596; baseline 0 0"><span class='ocrx_word' id='word_1_3' title='bbox 71 1566 131 1596; x_wconf 82' lang='lat'>173</span> 
     </span>
    </p>
   </div>
   <div class='ocr_carea' id='block_1_4' title="bbox 356 131 1132 172">
    <p class='ocr_par' dir='ltr' id='par_1_4' title="bbox 356 131 1132 172">
     <span class='ocr_line' id='line_1_4' title="bbox 356 131 1132 172; baseline -0.005 0"><span class='ocrx_word' id='word_1_4' title='bbox 356 135 550 172; x_wconf 86' lang='lat' dir='ltr'>PLINY:</span> <span class='ocrx_word' id='word_1_5' title='bbox 597 132 861 170; x_wconf 90' lang='lat' dir='ltr'><strong>NATURAL</strong></span> <span class='ocrx_word' id='word_1_6' title='bbox 895 131 1132 169; x_wconf 89' lang='lat' dir='ltr'>HISTORY</span> 
     </span>
    </p>
   </div>
   <div class='ocr_carea' id='block_1_5' title="bbox 159 234 1344 1885">
    <p class='ocr_par' dir='ltr' id='par_1_5' title="bbox 159 234 1339 346">
     <span class='ocr_line' id='line_1_5' title="bbox 161 234 1339 290; baseline -0.006 -13"><span class='ocrx_word' id='word_1_7' title='bbox 161 242 273 290; x_wconf 88' lang='lat' dir='ltr'>nigra</span> <span class='ocrx_word' id='word_1_8' title='bbox 298 241 348 276; x_wconf 87' lang='lat' dir='ltr'>sit</span> <span class='ocrx_word' id='word_1_9' title='bbox 374 243 416 274; x_wconf 89' lang='lat' dir='ltr'>et</span> <span class='ocrx_word' id='word_1_10' title='bbox 440 235 833 284; x_wconf 85' lang='lat' dir='ltr'>sterilis—alopecias</span> <span class='ocrx_word' id='word_1_11' title='bbox 859 234 1050 271; x_wconf 88' lang='lat' dir='ltr'>emendat</span> <span class='ocrx_word' id='word_1_12' title='bbox 1075 236 1339 284; x_wconf 86' lang='lat' dir='ltr'>unguentium</span> 
     </span>
     <span class='ocr_line' id='line_1_6' title="bbox 159 309 311 346; baseline -0.007 0"><span class='ocrx_word' id='word_1_13' title='bbox 159 312 199 346; x_wconf 91' lang='lat' dir='ltr'>in</span> <span class='ocrx_word' id='word_1_14' title='bbox 219 309 311 346; x_wconf 89' lang='lat' dir='ltr'>sole.</span> 
     </span>
    </p>

    <p class='ocr_par' dir='ltr' id='par_1_6' title="bbox 160 373 1340 497">
     <span class='ocr_line' id='line_1_7' title="bbox 205 373 1340 415; baseline -0.005 0"><span class='ocrx_word' id='word_1_15' title='bbox 205 378 308 415; x_wconf 86' lang='lat' dir='ltr'><strong>CIX.</strong></span> <span class='ocrx_word' id='word_1_16' title='bbox 339 377 475 413; x_wconf 89' lang='lat' dir='ltr'>Cribro</span> <span class='ocrx_word' id='word_1_17' title='bbox 491 377 531 411; x_wconf 90' lang='lat' dir='ltr'>in</span> <span class='ocrx_word' id='word_1_18' title='bbox 547 375 673 411; x_wconf 88' lang='lat' dir='ltr'>limite</span> <span class='ocrx_word' id='word_1_19' title='bbox 690 374 846 410; x_wconf 86' lang='lat' dir='ltr'>abiecto</span> <span class='ocrx_word' id='word_1_20' title='bbox 862 373 1011 410; x_wconf 82' lang='lat' dir='ltr'>herbae</span> <span class='ocrx_word' id='word_1_21' title='bbox 1031 375 1138 410; x_wconf 86' lang='lat' dir='ltr'>intus</span> <span class='ocrx_word' id='word_1_22' title='bbox 1155 378 1340 409; x_wconf 74' lang='lat' dir='ltr'>extantes</span> 
     </span>
     <span class='ocr_line' id='line_1_8' title="bbox 160 442 1323 497; baseline -0.005 -12"><span class='ocrx_word' id='word_1_23' title='bbox 160 448 376 497; x_wconf 74' lang='lat' dir='ltr'>decerptae</span> <span class='ocrx_word' id='word_1_24' title='bbox 396 445 717 494; x_wconf 76' lang='lat' dir='ltr'>adalligataeque</span> <span class='ocrx_word' id='word_1_25' title='bbox 736 443 908 494; x_wconf 82' lang='lat' dir='ltr'>gravidis</span> <span class='ocrx_word' id='word_1_26' title='bbox 926 448 1064 493; x_wconf 87' lang='lat' dir='ltr'>partus</span> <span class='ocrx_word' id='word_1_27' title='bbox 1083 442 1323 480; x_wconf 76' lang='lat' dir='ltr'>adcelerant.</span> 
     </span>
    </p>

    <p class='ocr_par' dir='ltr' id='par_1_7' title="bbox 161 512 1341 637">
     <span class='ocr_line' id='line_1_9' title="bbox 211 512 1341 564; baseline -0.004 -11"><span class='ocrx_word' id='word_1_28' title='bbox 211 517 292 553; x_wconf 81' lang='lat' dir='ltr'>CX.</span> <span class='ocrx_word' id='word_1_29' title='bbox 323 515 461 552; x_wconf 87' lang='lat' dir='ltr'>Herba</span> <span class='ocrx_word' id='word_1_30' title='bbox 478 527 581 563; x_wconf 90' lang='lat' dir='ltr'>quae</span> <span class='ocrx_word' id='word_1_31' title='bbox 599 515 778 564; x_wconf 76' lang='lat' dir='ltr'>gignitur</span> <span class='ocrx_word' id='word_1_32' title='bbox 795 525 915 562; x_wconf 90' lang='lat' dir='ltr'>super</span> <span class='ocrx_word' id='word_1_33' title='bbox 934 512 1071 549; x_wconf 86' lang='lat' dir='ltr'>fimeta</span> <span class='ocrx_word' id='word_1_34' title='bbox 1088 515 1186 549; x_wconf 87' lang='lat' dir='ltr'>ruris</span> <span class='ocrx_word' id='word_1_35' title='bbox 1204 517 1341 548; x_wconf 89' lang='lat' dir='ltr'>contra</span> 
     </span>
     <span class='ocr_line' id='line_1_10' title="bbox 161 582 1060 637; baseline -0.006 -14"><span class='ocrx_word' id='word_1_36' title='bbox 161 589 325 637; x_wconf 82' lang='lat' dir='ltr'>anginas</span> <span class='ocrx_word' id='word_1_37' title='bbox 343 585 609 622; x_wconf 87' lang='lat' dir='ltr'>efficacissime</span> <span class='ocrx_word' id='word_1_38' title='bbox 625 582 750 633; x_wconf 90' lang='lat' dir='ltr'>pollet</span> <span class='ocrx_word' id='word_1_39' title='bbox 768 596 816 619; x_wconf 85' lang='lat' dir='ltr'>ex</span> <span class='ocrx_word' id='word_1_40' title='bbox 834 595 937 631; x_wconf 87' lang='lat' dir='ltr'>aqua</span> <span class='ocrx_word' id='word_1_41' title='bbox 953 587 1060 631; x_wconf 91' lang='lat' dir='ltr'>pota.</span> 
     </span>
    </p>

    <p class='ocr_par' dir='ltr' id='par_1_8' title="bbox 162 650 1342 772">
     <span class='ocr_line' id='line_1_11' title="bbox 212 650 1342 702; baseline -0.003 -10"><span class='ocrx_word' id='word_1_42' title='bbox 212 656 316 692; x_wconf 78' lang='lat' dir='ltr'>CXI.</span> <span class='ocrx_word' id='word_1_43' title='bbox 348 655 485 691; x_wconf 86' lang='lat' dir='ltr'>Herba</span> <span class='ocrx_word' id='word_1_44' title='bbox 520 656 633 689; x_wconf 81' lang='lat' dir='ltr'>iuxta</span> <span class='ocrx_word' id='word_1_45' title='bbox 668 666 789 702; x_wconf 91' lang='lat' dir='ltr'>quam</span> <span class='ocrx_word' id='word_1_46' title='bbox 824 664 942 688; x_wconf 86' lang='lat' dir='ltr'>canes</span> <span class='ocrx_word' id='word_1_47' title='bbox 977 654 1132 688; x_wconf 81' lang='lat' dir='ltr'>urinam</span> <span class='ocrx_word' id='word_1_48' title='bbox 1166 650 1342 689; x_wconf 89' lang='lat' dir='ltr'>fundunt</span> 
     </span>
     <span class='ocr_line' id='line_1_12' title="bbox 162 721 1341 772; baseline -0.005 -9"><span class='ocrx_word' id='word_1_49' title='bbox 162 725 295 763; x_wconf 77' lang='lat' dir='ltr'>evulsa</span> <span class='ocrx_word' id='word_1_50' title='bbox 315 738 365 761; x_wconf 94' lang='lat' dir='ltr'>ne</span> <span class='ocrx_word' id='word_1_51' title='bbox 385 723 489 760; x_wconf 89' lang='lat' dir='ltr'>ferro</span> <span class='ocrx_word' id='word_1_52' title='bbox 510 725 735 772; x_wconf 72' lang='lat' dir='ltr'>attingatur</span> <span class='ocrx_word' id='word_1_53' title='bbox 754 721 900 758; x_wconf 82' lang='lat' dir='ltr'>luxatis</span> <span class='ocrx_word' id='word_1_54' title='bbox 920 721 1124 758; x_wconf 87' lang='lat' dir='ltr'>celerrime</span> <span class='ocrx_word' id='word_1_55' title='bbox 1144 721 1341 758; x_wconf 89' lang='lat' dir='ltr'>medetur.</span> 
     </span>
    </p>

    <p class='ocr_par' dir='ltr' id='par_1_9' title="bbox 162 791 1344 1528">
     <span class='ocr_line' id='line_1_13' title="bbox 206 791 1343 842; baseline -0.002 -11"><span class='ocrx_word' id='word_1_56' title='bbox 206 794 332 832; x_wconf 83' lang='lat' dir='ltr'><strong>CXII.</strong></span> <span class='ocrx_word' id='word_1_57' title='bbox 386 793 675 842; x_wconf 86' lang='lat' dir='ltr'>Rumpotinum</span> <span class='ocrx_word' id='word_1_58' title='bbox 742 793 923 828; x_wconf 84' lang='lat' dir='ltr'>arborem</span> <span class='ocrx_word' id='word_1_59' title='bbox 985 791 1343 829; x_wconf 79' lang='lat' dir='ltr'>demonstravimus</span> 
     </span>
     <span class='ocr_line' id='line_1_14' title="bbox 162 860 1343 902; baseline -0.004 0"><span class='ocrx_word' id='word_1_60' title='bbox 162 869 266 902; x_wconf 82' lang='lat' dir='ltr'>inter</span> <span class='ocrx_word' id='word_1_61' title='bbox 282 865 455 900; x_wconf 85' lang='lat' dir='ltr'>arbusta.</span> <span class='ocrx_word' id='word_1_62' title='bbox 512 865 623 898; x_wconf 85' lang='lat' dir='ltr'>iuxta</span> <span class='ocrx_word' id='word_1_63' title='bbox 640 861 741 897; x_wconf 88' lang='lat' dir='ltr'>hanc</span> <span class='ocrx_word' id='word_1_64' title='bbox 756 861 917 897; x_wconf 76' lang='lat' dir='ltr'>viduam</span> <span class='ocrx_word' id='word_1_65' title='bbox 933 862 1014 897; x_wconf 87' lang='lat' dir='ltr'>vite</span> <span class='ocrx_word' id='word_1_66' title='bbox 1030 862 1205 897; x_wconf 85' lang='lat' dir='ltr'>nascitur</span> <span class='ocrx_word' id='word_1_67' title='bbox 1220 860 1343 897; x_wconf 83' lang='lat' dir='ltr'>herba</span> 
     </span>
     <span class='ocr_line' id='line_1_15' title="bbox 162 929 1343 985; baseline -0.004 -14"><span class='ocrx_word' id='word_1_68' title='bbox 162 948 282 985; x_wconf 86' lang='lat' dir='ltr'>quam</span> <span class='ocrx_word' id='word_1_69' title='bbox 313 933 415 970; x_wconf 89' lang='lat' dir='ltr'>Galli</span> <span class='ocrx_word' id='word_1_70' title='bbox 446 932 631 968; x_wconf 89' lang='lat' dir='ltr'>rodarum</span> <span class='ocrx_word' id='word_1_71' title='bbox 662 936 816 967; x_wconf 85' lang='lat' dir='ltr'>vocant.</span> <span class='ocrx_word' id='word_1_72' title='bbox 873 929 1027 967; x_wconf 86' lang='lat' dir='ltr'>caulem</span> <span class='ocrx_word' id='word_1_73' title='bbox 1056 930 1180 967; x_wconf 88' lang='lat' dir='ltr'>habet</span> <span class='ocrx_word' id='word_1_74' title='bbox 1209 932 1343 980; x_wconf 85' lang='lat' dir='ltr'>virgae</span> 
     </span>
     <span class='ocr_line' id='line_1_16' title="bbox 163 999 1343 1051; baseline -0.004 -10"><span class='ocrx_word' id='word_1_75' title='bbox 163 1003 355 1041; x_wconf 86' lang='lat' dir='ltr'>ficulneae</span> <span class='ocrx_word' id='word_1_76' title='bbox 383 1002 501 1039; x_wconf 86' lang='lat' dir='ltr'>modo</span> <span class='ocrx_word' id='word_1_77' title='bbox 529 1000 816 1051; x_wconf 85' lang='lat' dir='ltr'>geniculatum,</span> <span class='ocrx_word' id='word_1_78' title='bbox 846 999 938 1037; x_wconf 88' lang='lat' dir='ltr'>folia</span> <span class='ocrx_word' id='word_1_79' title='bbox 966 1002 1116 1037; x_wconf 89' lang='lat' dir='ltr'>urticae</span> <span class='ocrx_word' id='word_1_80' title='bbox 1145 1002 1184 1036; x_wconf 92' lang='lat' dir='ltr'>in</span> <span class='ocrx_word' id='word_1_81' title='bbox 1211 1000 1343 1037; x_wconf 87' lang='lat' dir='ltr'>medio</span> 
     </span>
     <span class='ocr_line' id='line_1_17' title="bbox 164 1070 1342 1120; baseline -0.004 -9"><span class='ocrx_word' id='word_1_82' title='bbox 164 1073 362 1116; x_wconf 78' lang='lat' dir='ltr'>exalbida‚</span> <span class='ocrx_word' id='word_1_83' title='bbox 389 1072 530 1108; x_wconf 84' lang='lat' dir='ltr'>eadem</span> <span class='ocrx_word' id='word_1_84' title='bbox 556 1070 799 1120; x_wconf 83' lang='lat' dir='ltr'>procedente</span> <span class='ocrx_word' id='word_1_85' title='bbox 825 1075 1007 1120; x_wconf 86' lang='lat' dir='ltr'>tempore</span> <span class='ocrx_word' id='word_1_86' title='bbox 1033 1075 1120 1106; x_wconf 87' lang='lat' dir='ltr'>tota</span> <span class='ocrx_word' id='word_1_87' title='bbox 1144 1070 1342 1113; x_wconf 85' lang='lat' dir='ltr'>rubentia,</span> 
     </span>
     <span class='ocr_line' id='line_1_18' title="bbox 163 1138 1343 1192; baseline -0.003 -12"><span class='ocrx_word' id='word_1_88' title='bbox 163 1143 300 1180; x_wconf 88' lang='lat' dir='ltr'>florem</span> <span class='ocrx_word' id='word_1_89' title='bbox 325 1147 576 1192; x_wconf 81' lang='lat' dir='ltr'>argenteum,</span> <span class='ocrx_word' id='word_1_90' title='bbox 600 1142 815 1190; x_wconf 87' lang='lat' dir='ltr'>praecipua</span> <span class='ocrx_word' id='word_1_91' title='bbox 837 1145 976 1176; x_wconf 88' lang='lat' dir='ltr'>contra</span> <span class='ocrx_word' id='word_1_92' title='bbox 998 1145 1175 1176; x_wconf 87' lang='lat' dir='ltr'>tumores</span> <span class='ocrx_word' id='word_1_93' title='bbox 1199 1138 1343 1177; x_wconf 83' lang='lat' dir='ltr'>fervor—</span> 
     </span>
     <span class='ocr_line' id='line_1_19' title="bbox 165 1210 1344 1262; baseline -0.003 -13"><span class='ocrx_word' id='word_1_94' title='bbox 165 1225 287 1262; x_wconf 82' lang='lat' dir='ltr'>esque</span> <span class='ocrx_word' id='word_1_95' title='bbox 311 1218 352 1248; x_wconf 90' lang='lat' dir='ltr'>et</span> <span class='ocrx_word' id='word_1_96' title='bbox 373 1210 625 1248; x_wconf 84' lang='lat' dir='ltr'>collectiones</span> <span class='ocrx_word' id='word_1_97' title='bbox 648 1223 737 1246; x_wconf 90' lang='lat' dir='ltr'>cum</span> <span class='ocrx_word' id='word_1_98' title='bbox 760 1211 934 1259; x_wconf 80' lang='lat' dir='ltr'>axungia</span> <span class='ocrx_word' id='word_1_99' title='bbox 955 1214 1092 1245; x_wconf 91' lang='lat' dir='ltr'>vetere</span> <span class='ocrx_word' id='word_1_100' title='bbox 1113 1214 1204 1246; x_wconf 85' lang='lat' dir='ltr'>tusa</span> <span class='ocrx_word' id='word_1_101' title='bbox 1223 1211 1280 1246; x_wconf 91' lang='lat' dir='ltr'>ita</span> <span class='ocrx_word' id='word_1_102' title='bbox 1299 1215 1344 1246; x_wconf 90' lang='lat' dir='ltr'>ut</span> 
     </span>
     <span class='ocr_line' id='line_1_20' title="bbox 164 1278 1344 1329; baseline -0.003 -11"><span class='ocrx_word' id='word_1_103' title='bbox 164 1281 268 1318; x_wconf 89' lang='lat' dir='ltr'>ferro</span> <span class='ocrx_word' id='word_1_104' title='bbox 293 1295 370 1318; x_wconf 90' lang='lat' dir='ltr'>non</span> <span class='ocrx_word' id='word_1_105' title='bbox 397 1283 632 1329; x_wconf 83' lang='lat' dir='ltr'>attingatur.</span> <span class='ocrx_word' id='word_1_106' title='bbox 689 1281 756 1328; x_wconf 89' lang='lat' dir='ltr'>qui</span> <span class='ocrx_word' id='word_1_107' title='bbox 780 1284 997 1329; x_wconf 89' lang='lat' dir='ltr'>perunctus</span> <span class='ocrx_word' id='word_1_108' title='bbox 1023 1284 1084 1315; x_wconf 89' lang='lat' dir='ltr'>est</span> <span class='ocrx_word' id='word_1_109' title='bbox 1109 1279 1269 1328; x_wconf 88' lang='lat' dir='ltr'>despuit</span> <span class='ocrx_word' id='word_1_110' title='bbox 1294 1278 1344 1315; x_wconf 90' lang='lat' dir='ltr'>ad</span> 
     </span>
     <span class='ocr_line' id='line_1_21' title="bbox 165 1348 1343 1389; baseline -0.003 -1"><span class='ocrx_word' id='word_1_111' title='bbox 165 1365 277 1389; x_wconf 87' lang='lat' dir='ltr'>suam</span> <span class='ocrx_word' id='word_1_112' title='bbox 320 1351 529 1387; x_wconf 87' lang='lat' dir='ltr'>dexteram</span> <span class='ocrx_word' id='word_1_113' title='bbox 573 1355 700 1385; x_wconf 87' lang='lat' dir='ltr'>terna.</span> <span class='ocrx_word' id='word_1_114' title='bbox 756 1349 950 1385; x_wconf 88' lang='lat' dir='ltr'>efficacius</span> <span class='ocrx_word' id='word_1_115' title='bbox 994 1348 1214 1384; x_wconf 90' lang='lat' dir='ltr'>remedium</span> <span class='ocrx_word' id='word_1_116' title='bbox 1258 1361 1343 1384; x_wconf 87' lang='lat' dir='ltr'>esse</span> 
     </span>
     <span class='ocr_line' id='line_1_22' title="bbox 166 1417 1344 1467; baseline -0.003 -10"><span class='ocrx_word' id='word_1_117' title='bbox 166 1423 291 1463; x_wconf 77' lang='lat' dir='ltr'>aiunt,</span> <span class='ocrx_word' id='word_1_118' title='bbox 326 1422 355 1455; x_wconf 92' lang='lat' dir='ltr'>si</span> <span class='ocrx_word' id='word_1_119' title='bbox 391 1425 472 1456; x_wconf 85' lang='lat' dir='ltr'>tres</span> <span class='ocrx_word' id='word_1_120' title='bbox 507 1421 627 1455; x_wconf 89' lang='lat' dir='ltr'>trium</span> <span class='ocrx_word' id='word_1_121' title='bbox 662 1421 869 1454; x_wconf 88' lang='lat' dir='ltr'>nationum</span> <span class='ocrx_word' id='word_1_122' title='bbox 903 1417 1082 1454; x_wconf 85' lang='lat' dir='ltr'>homines</span> <span class='ocrx_word' id='word_1_123' title='bbox 1117 1423 1344 1467; x_wconf 86' lang='lat' dir='ltr'>perungant</span> 
     </span>
     <span class='ocr_line' id='line_1_23' title="bbox 167 1491 409 1528; baseline -0.012 0"><span class='ocrx_word' id='word_1_124' title='bbox 167 1491 409 1528; x_wconf 79' lang='lat' dir='ltr'>dextrorsus.</span> 
     </span>
    </p>

    <p class='ocr_par' dir='ltr' id='par_1_10' title="bbox 167 1558 1344 1885">
     <span class='ocr_line' id='line_1_24' title="bbox 212 1558 1341 1607; baseline -0.003 -12"><span class='ocrx_word' id='word_1_125' title='bbox 212 1559 360 1595; x_wconf 86' lang='lat' dir='ltr'>CXIII.</span> <span class='ocrx_word' id='word_1_126' title='bbox 391 1558 529 1594; x_wconf 87' lang='lat' dir='ltr'>Herba</span> <span class='ocrx_word' id='word_1_127' title='bbox 564 1559 684 1607; x_wconf 89' lang='lat' dir='ltr'>impia</span> <span class='ocrx_word' id='word_1_128' title='bbox 719 1562 883 1594; x_wconf 85' lang='lat' dir='ltr'>vocatur</span> <span class='ocrx_word' id='word_1_129' title='bbox 916 1559 1070 1600; x_wconf 85' lang='lat' dir='ltr'>incana,</span> <span class='ocrx_word' id='word_1_130' title='bbox 1105 1559 1341 1593; x_wconf 86' lang='lat' dir='ltr'>rorismarini</span> 
     </span>
     <span class='ocr_line' id='line_1_25' title="bbox 167 1625 1344 1679; baseline -0.003 -13"><span class='ocrx_word' id='word_1_131' title='bbox 167 1634 345 1678; x_wconf 79' lang='lat' dir='ltr'>aspectu,</span> <span class='ocrx_word' id='word_1_132' title='bbox 375 1627 501 1679; x_wconf 75' lang='lat' dir='ltr'>thyrsi</span> <span class='ocrx_word' id='word_1_133' title='bbox 532 1627 649 1664; x_wconf 89' lang='lat' dir='ltr'>modo</span> <span class='ocrx_word' id='word_1_134' title='bbox 680 1629 827 1663; x_wconf 83' lang='lat' dir='ltr'>vestita</span> <span class='ocrx_word' id='word_1_135' title='bbox 857 1632 978 1676; x_wconf 88' lang='lat' dir='ltr'>atque</span> <span class='ocrx_word' id='word_1_136' title='bbox 1009 1628 1196 1676; x_wconf 88' lang='lat' dir='ltr'>capitata.</span> <span class='ocrx_word' id='word_1_137' title='bbox 1251 1625 1344 1663; x_wconf 91' lang='lat' dir='ltr'>inde</span> 
     </span>
     <span class='ocr_line' id='line_1_26' title="bbox 167 1695 1344 1746; baseline -0.003 -11"><span class='ocrx_word' id='word_1_138' title='bbox 167 1699 230 1735; x_wconf 84' lang='lat' dir='ltr'>alii</span> <span class='ocrx_word' id='word_1_139' title='bbox 262 1697 401 1734; x_wconf 88' lang='lat' dir='ltr'>ramuli</span> <span class='ocrx_word' id='word_1_140' title='bbox 435 1702 655 1746; x_wconf 84' lang='lat' dir='ltr'>exsurgunt</span> <span class='ocrx_word' id='word_1_141' title='bbox 686 1709 755 1732; x_wconf 87' lang='lat' dir='ltr'>sua</span> <span class='ocrx_word' id='word_1_142' title='bbox 787 1695 961 1746; x_wconf 88' lang='lat' dir='ltr'>capitula</span> <span class='ocrx_word' id='word_1_143' title='bbox 991 1701 1192 1746; x_wconf 89' lang='lat' dir='ltr'>gerentes,</span> <span class='ocrx_word' id='word_1_144' title='bbox 1224 1696 1274 1732; x_wconf 96' lang='lat' dir='ltr'>ob</span> <span class='ocrx_word' id='word_1_145' title='bbox 1304 1695 1344 1732; x_wconf 92' lang='lat' dir='ltr'>id</span> 
     </span>
     <span class='ocr_line' id='line_1_27' title="bbox 167 1765 1343 1818; baseline -0.003 -14"><span class='ocrx_word' id='word_1_146' title='bbox 167 1770 329 1818; x_wconf 87' lang='lat' dir='ltr'>impiam</span> <span class='ocrx_word' id='word_1_147' title='bbox 355 1766 619 1816; x_wconf 73' lang='lat' dir='ltr'>appellavere,</span> <span class='ocrx_word' id='word_1_148' title='bbox 645 1767 832 1815; x_wconf 87' lang='lat' dir='ltr'>quoniam</span> <span class='ocrx_word' id='word_1_149' title='bbox 856 1765 969 1802; x_wconf 90' lang='lat' dir='ltr'>liberi</span> <span class='ocrx_word' id='word_1_150' title='bbox 993 1778 1111 1815; x_wconf 93' lang='lat' dir='ltr'>super</span> <span class='ocrx_word' id='word_1_151' title='bbox 1135 1771 1343 1814; x_wconf 89' lang='lat' dir='ltr'>parentem</span> 
     </span>
     <span class='ocr_line' id='line_1_28' title="bbox 168 1834 1343 1885; baseline -0.003 -11"><span class='ocrx_word' id='word_1_152' title='bbox 168 1836 377 1874; x_wconf 82' lang='lat' dir='ltr'>excellant.</span> <span class='ocrx_word' id='word_1_153' title='bbox 433 1836 496 1872; x_wconf 89' lang='lat' dir='ltr'>alii</span> <span class='ocrx_word' id='word_1_154' title='bbox 552 1838 683 1885; x_wconf 86' lang='lat' dir='ltr'>potius</span> <span class='ocrx_word' id='word_1_155' title='bbox 737 1838 793 1872; x_wconf 91' lang='lat' dir='ltr'>ita</span> <span class='ocrx_word' id='word_1_156' title='bbox 848 1834 1103 1885; x_wconf 87' lang='lat' dir='ltr'>appellatam,</span> <span class='ocrx_word' id='word_1_157' title='bbox 1157 1837 1343 1884; x_wconf 89' lang='lat' dir='ltr'>quoniam</span> 
     </span>
    </p>
   </div>
   <div class='ocr_carea' id='block_1_6' title="bbox 74 1903 1344 1955">
    <p class='ocr_par' dir='ltr' id='par_1_11' title="bbox 74 1903 1344 1955">
     <span class='ocr_line' id='line_1_29' title="bbox 74 1903 1344 1955; baseline -0.002 -13"><span class='ocrx_word' id='word_1_158' title='bbox 74 1913 130 1943; x_wconf 75' lang='lat'>174</span> <span class='ocrx_word' id='word_1_159' title='bbox 160 1906 313 1944; x_wconf 88' lang='lat' dir='ltr'>nullum</span> <span class='ocrx_word' id='word_1_160' title='bbox 353 1905 498 1942; x_wconf 88' lang='lat' dir='ltr'>animal</span> <span class='ocrx_word' id='word_1_161' title='bbox 539 1918 627 1941; x_wconf 84' lang='lat' dir='ltr'>eam</span> <span class='ocrx_word' id='word_1_162' title='bbox 667 1907 856 1955; x_wconf 85' lang='lat' dir='ltr'>attingat,</span> <span class='ocrx_word' id='word_1_163' title='bbox 891 1907 1181 1941; x_wconf 84' lang='lat' dir='ltr'>existimavere.</span> <span class='ocrx_word' id='word_1_164' title='bbox 1246 1903 1344 1940; x_wconf 85' lang='lat' dir='ltr'>haec</span> 
     </span>
    </p>
   </div>
   <div class='ocr_carea' id='block_1_7' title="bbox 570 1979 662 1982">
    <p class='ocr_par' dir='ltr' id='par_1_12' title="bbox 570 1979 662 1982">
     <span class='ocr_line' id='line_1_30' title="bbox 570 1979 662 1982; baseline 0 0"><span class='ocrx_word' id='word_1_165' title='bbox 570 1979 662 1982; x_wconf 95' lang='lat' dir='ltr'> </span> 
     </span>
    </p>
   </div>
   <div class='ocr_carea' id='block_1_8' title="bbox 168 2014 925 2099">
    <p class='ocr_par' dir='ltr' id='par_1_13' title="bbox 168 2014 925 2099">
     <span class='ocr_line' id='line_1_31' title="bbox 579 2014 925 2055; baseline 0 -10"><span class='ocrx_word' id='word_1_166' title='bbox 579 2018 593 2032; x_wconf 83' lang='lat'>⁰</span> <span class='ocrx_word' id='word_1_167' title='bbox 617 2014 712 2046; x_wconf 85' lang='lat' dir='ltr'>Book</span> <span class='ocrx_word' id='word_1_168' title='bbox 731 2014 824 2052; x_wconf 79' lang='lat' dir='ltr'>XIV,</span> <span class='ocrx_word' id='word_1_169' title='bbox 843 2016 857 2055; x_wconf 67' lang='grc' dir='ltr'><strong>ξ</strong></span> <span class='ocrx_word' id='word_1_170' title='bbox 875 2015 925 2046; x_wconf 88' lang='grc'>12.</span> 
     </span>
     <span class='ocr_line' id='line_1_32' title="bbox 168 2075 231 2099; baseline -0.016 0"><span class='ocrx_word' id='word_1_171' title='bbox 168 2075 231 2099; x_wconf 92' lang='grc' dir='ltr'>Ι22</span> 
     </span>
    </p>
   </div>
  </div>
 </body>
</html>
