1459 2288
319 121 513 158 PLINY:
560 121 822 158 NATURAL
856 120 1091 158 HISTORY

112 223 278 267 mederi,
307 229 545 272 conceptum
574 222 812 259 feminarum
843 223 1043 266 adiuvare,
1073 225 1103 259 si
1134 225 1293 260 omnino

112 290 246 313 secum
282 276 472 319 habeant,
508 276 640 312 ulcera
675 276 1006 313 commanducato
1041 279 1293 326 inpositoque

112 330 379 366 efficacissime
399 332 540 365 sanari.

49 388 85 418 13
164 383 254 418 VII.
281 382 446 418 Roboris
479 382 624 431 pilulae
657 395 705 418 ex
739 381 856 430 adipe
899 378 1061 419 ursino1
1096 382 1292 430 alopecias

112 436 253 484 capillo
282 436 451 484 replent.
507 438 605 471 cerri
629 435 722 471 folia
746 441 788 472 et
810 441 947 472 cortex
971 441 1013 472 et
1036 435 1149 484 glans
1172 438 1294 472 siccat

112 488 364 525 collectiones
433 491 833 537 suppurationesque,
901 487 1107 525 fluctiones
1176 490 1292 525 sistit.

113 548 319 590 torpentes
351 543 620 578 membrorum
652 548 786 590 partes
818 542 1054 578 conroborat
1084 541 1294 578 decoctum

113 597 196 631 eius
224 594 325 638 fotu,
353 597 415 631 eui
445 601 486 631 et
513 594 685 631 insidere
714 595 880 643 expedit
907 595 1098 631 siccandis
1127 594 1294 631 adstrin-

111 647 333 697 gendisque
365 649 557 697 partibus.
612 647 725 684 radix
756 651 855 684 cerri
888 648 1120 684 adversatur
1152 650 1294 697 scorpi-

112 702 264 738 onibus.

163 754 276 790 VIII.
305 753 465 791 Suberis
494 760 631 790 cortex
660 757 779 790 tritus
810 767 859 790 ex
889 767 993 803 aqua
1021 753 1149 790 calida
1177 759 1294 803 potus

112 810 346 856 sanguinem
401 806 594 843 fluentem
649 820 698 843 ex
753 807 944 844 utralibet
997 813 1112 856 parte
1177 809 1293 844 sistit.

113 860 291 896 eiusdem
312 863 407 896 cinis
430 873 478 896 ex
500 863 590 897 vino
611 860 737 897 calido
758 863 994 910 sanguinem
1015 861 1294 897 excreantibus

112 926 355 963 magnopere
374 913 572 950 laudatur.

48 971 86 1000 14
166 967 235 1003 IX.
266 967 362 1016 Fagi
399 966 492 1003 folia
526 966 818 1003 manducantur
853 969 893 1002 in
928 969 1177 1017 gingivarum
1213 966 1294 1003 lab-

113 1033 325 1068 rorumque
377 1022 493 1056 vitiis.
548 1020 705 1056 calculis
757 1020 911 1069 glandis
963 1019 1147 1070 fagineae
1198 1022 1294 1056 cinis

113 1073 303 1117 inlinitur,
326 1076 424 1109 item
447 1086 537 1109 cum
560 1073 677 1109 melle
701 1073 897 1122 alopeciis.

48 1131 86 1161 15
163 1126 211 1162 X.
241 1126 426 1174 Cupressi
475 1125 568 1163 folia
616 1129 712 1163 trita
763 1126 988 1163 recentibus
1038 1125 1294 1163 vulneribus2

113 1182 371 1228 inponuntur,
399 1186 440 1216 et
466 1182 587 1229 capiti
613 1192 702 1216 cum
729 1180 905 1228 polenta,
932 1182 963 1216 si
990 1193 1013 1216 a
1038 1179 1119 1216 sole
1145 1179 1294 1223 doleat,

113 1236 210 1269 item
248 1235 396 1276 ramici,
434 1246 513 1281 qua
549 1232 599 1269 de
637 1246 756 1269 causa
793 1239 835 1269 et
870 1233 1074 1269 bibuntur.
1128 1235 1293 1269 testium

113 1299 271 1335 quoque
300 1289 446 1322 tumori
474 1299 564 1322 cum
592 1299 682 1322 cera
710 1286 943 1330 inlinuntur,
971 1286 1156 1335 capillum
1184 1285 1294 1322 deni-

165 1366 177 1384 ¹
201 1365 317 1395 ursino
346 1365 429 1405 vulq.
459 1365 630 1405 Maylzoff:
658 1375 736 1395 vere
767 1365 882 1396 ursino
910 1364 1086 1406 Dellefsen,
1108 1364 1294 1396 Straclcium

120 1412 246 1438 secutus
262 1419 268 1437 :
299 1418 378 1438 vero
396 1408 509 1438 ursino
526 1408 613 1438 codd.
667 1408 746 1439 Vide
765 1412 874 1439 notam
892 1408 949 1447 (b).

163 1452 175 1469 2
200 1451 392 1481 recentibus
409 1450 605 1481 vulneribus
621 1461 659 1481 esc
675 1450 790 1481 Plinio
814 1451 884 1481 ian.
904 1453 955 1487 74,
981 1452 998 1481 7
1016 1450 1100 1482 coni.
1120 1450 1291 1490 Mayhosf;

121 1503 174 1533 eqo
190 1504 311 1533 quoque
335 1493 406 1533 ipse
431 1504 470 1524 ex
486 1493 676 1524 Dioscorida
702 1494 748 1524 ila
764 1493 952 1533 suspicatus
967 1503 1041 1523 sum
1057 1505 1063 1523 :
1081 1493 1294 1533 serpentibus

124 1536 293 1567 ulceribus
321 1536 477 1576 Illayhofs
504 1536 541 1566 in
572 1541 679 1567 texta:
718 1537 927 1577 serpentium
954 1536 1079 1567 ictibus
1106 1535 1290 1578 Detlefsen:

126 1579 339 1619 serpentibus
370 1584 427 1609 avt
457 1580 623 1619 serpentis
654 1584 711 1610 aut
741 1580 949 1619 serpentium
981 1579 1070 1610 codd.
1118 1578 1168 1619 Cf.
1196 1578 1292 1609 Dios-

122 1622 243 1652 corides
259 1621 287 1652 I.
310 1622 351 1653 74
367 1621 407 1653 τὰ
422 1621 457 1654 δὲ
473 1621 574 1662 φύλλα
593 1621 661 1653 λεῖα
679 1622 964 1662 καταπλαττόμενα
979 1621 1144 1662 τραύματα
1160 1621 1270 1662 κολλᾷ.

158 1733 173 1747 ‘²
196 1729 262 1759 For
279 1729 349 1759 this
368 1739 426 1759 use
444 1729 484 1759 of
497 1730 632 1760 omnino
650 1739 704 1760 see
723 1729 786 1760 IX.
807 1730 821 1769 ξ
843 1731 914 1765 185,
932 1729 1027 1760 XVI.
1047 1730 1062 1768 ἓ
1081 1729 1152 1765 149,
1172 1727 1291 1759 XXII.

117 1773 193 1811 §60‚
206 1772 335 1802 XXIV.
354 1772 368 1810 ξ
381 1772 432 1807 95,
445 1772 556 1803 XXV.
574 1773 590 1812 ξ
610 1773 680 1809 101,
694 1772 824 1803 XXVI.
843 1773 859 1813 ξ
878 1774 929 1809 98,
942 1771 1111 1803 XXVIII.
1125 1773 1157 1811 ἕξ
1175 1772 1226 1806 79.
1240 1773 1291 1808 80,

114 1816 166 1850 83,
184 1816 236 1850 85,
254 1814 408 1845 XXXII.
426 1815 441 1853 ξ
458 1816 487 1845 8.

161 1857 172 1876 ⁶
196 1857 267 1887 The
282 1857 502 1888 emendation
517 1857 557 1887 of
571 1858 693 1889 Strack
711 1861 860 1896 (z·ere—“
872 1858 942 1889 real
968 1856 1076 1888 bear’s
1101 1855 1292 1897 grease''—

115 1900 165 1930 for
189 1905 274 1936 vero)
294 1901 322 1930 is
342 1910 424 1940 very
446 1901 633 1940 ingenious.
680 1900 832 1941 Perhaps
856 1911 876 1931 a
899 1900 1022 1932 lacuna
1043 1900 1134 1931 after
1154 1899 1288 1940 pilulae,

116 1942 197 1973 with
215 1953 287 1974 vero
303 1953 344 1972 an
364 1942 504 1973 adverb.

157 1991 167 2004 ⁶
191 1985 259 2016 For
275 1985 426 2025 alopecia
442 1995 497 2016 see
514 1985 572 2016 list
589 1985 628 2016 of
639 1985 797 2017 diseases.

122 2059 159 2083 12
