1459 2288
57 249 98 280 32

57 516 97 546 33

58 781 98 810 34

59 1260 99 1289 35

333 143 526 179 PLINY:
573 142 834 178 NATURAL
867 142 1102 179 HISTORY

176 245 309 281 XXII.
338 244 525 281 Resinam
568 257 590 281 e
632 257 750 293 supra
792 244 907 280 dictis
949 244 1153 280 arboribus
1195 246 1305 294 gigni

125 298 329 335 docuimus
355 304 396 334 et
419 310 569 347 genera
593 300 676 334 eius
701 303 743 334 et
766 299 948 334 nationes
971 300 1012 333 in
1034 299 1188 333 ratione
1212 299 1305 341 vini,

125 365 170 388 ac
192 357 333 400 postea
354 354 394 387 in
417 351 634 387 arboribus.
689 363 867 387 summae
890 353 1041 399 species
1064 350 1182 394 duae,
1204 352 1306 387 sicca

126 410 167 440 et
196 404 358 453 liquida.
413 406 514 440 sicca
545 417 566 440 e
597 406 691 453 pinu
723 410 764 440 et
793 406 906 453 picea
936 403 994 447 fit,
1023 403 1174 452 liquida
1201 409 1305 440 tere-

124 457 278 500 bintho,
298 457 430 500 larice,
449 457 629 500 lentisco,
649 470 846 506 cupresso.
902 470 993 493 nam
1015 462 1056 493 et
1075 456 1150 493 hae
1171 455 1306 493 ferunt

124 513 162 546 in
181 511 275 546 Asia
294 516 335 546 et
353 509 477 560 Syria.
534 509 724 546 falluntur
742 513 809 559 qui
827 510 996 546 eandem
1014 515 1161 558 putant
1179 523 1264 546 esse
1283 523 1305 546 e

124 567 237 612 picea
271 569 393 612 atque
430 563 560 599 larice.
616 566 728 612 picea
764 566 868 599 enim
904 566 1095 612 pinguem
1131 568 1173 599 et
1206 566 1304 599 turis

124 617 241 653 modo
259 630 439 653 sucosam
458 616 603 659 fundit,
621 617 718 652 larix
737 617 923 665 gracilem
943 630 987 653 ac
1004 616 1136 652 mellei
1155 616 1305 659 eoloris,

124 673 227 705 virus
250 669 512 706 redolentem.
567 670 709 706 medici
733 670 881 718 liquida
903 683 990 705 raro
1012 675 1181 705 utuntur
1203 675 1244 705 et
1266 672 1306 705 in

124 736 197 759 ovo
217 722 301 759 fere
329 735 349 758 e
376 723 494 759 larice
520 729 684 771 propter
709 725 847 759 tussim
875 723 1087 771 ulceraque
1113 725 1305 758 viscerum

126 789 249 812 ——nec
288 778 407 825 pinea
446 789 689 825 magnopere
730 779 768 811 in
809 778 1076 812 usu—ceteris
1116 789 1194 812 non
1233 778 1304 812 nisi

125 831 257 865 coctis.
328 835 370 866 et
401 829 596 878 coquendi
631 842 779 878 genera
809 832 903 865 satis
935 829 1303 865 demonstravimus.

126 883 310 919 arborum
357 881 581 918 differentia
628 882 759 931 placet
802 882 1073 918 terebinthina
1115 882 1305 919 odoratis-

125 938 224 971 sima
253 941 375 984 atque
405 935 615 978 levissima,
646 938 852 972 nationum
883 935 1029 985 Cypria
1059 941 1101 972 et
1131 934 1303 985 Syriaca,

126 994 294 1037 utraque
329 989 455 1025 mellis
490 990 615 1025 Attici
650 988 792 1031 colore,
827 988 897 1025 sed
931 988 1077 1038 Cypria
1110 991 1306 1025 carnosior

125 1044 380 1091 crassiorque.
436 1044 475 1077 in
493 1044 593 1078 sicco
611 1055 758 1091 genere
777 1048 976 1091 quaerunt
994 1047 1038 1078 ut
1056 1044 1106 1078 sit
1123 1041 1304 1085 candida,

125 1108 236 1144 pura,
265 1095 482 1144 perlucida,
511 1097 551 1131 in
579 1098 685 1131 omni
715 1100 851 1131 autem
881 1100 926 1131 ut
954 1101 1145 1132 montana
1173 1097 1304 1144 potius

125 1161 245 1197 quam
265 1151 511 1197 campestris,
531 1151 629 1184 item
650 1148 848 1197 aquilonia
867 1150 998 1197 potius
1020 1161 1139 1197 quam
1160 1148 1210 1184 ab
1230 1147 1305 1184 alio

126 1206 258 1237 vento.
315 1201 524 1237 resolvitur
542 1204 670 1237 resina
692 1201 741 1237 ad
763 1201 968 1237 vulnerum
985 1214 1077 1237 usus
1098 1207 1139 1237 et
1156 1200 1305 1250 malag-

127 1259 237 1290 mata
264 1253 365 1297 oleo,
394 1256 433 1290 in
461 1256 643 1303 potiones
660 1253 675 1276 1
704 1254 924 1304 amygdalis
953 1256 1107 1290 amaris.
1162 1259 1305 1290 natura

127 1310 166 1343 in
193 1307 392 1343 medendo
421 1307 655 1343 contrahere
684 1307 861 1350 vulnera,
889 1320 1075 1357 purgare,
1103 1307 1304 1344 discutere

126 1360 400 1403 collectiones3
468 1363 565 1396 item
621 1363 792 1409 pectoris
847 1363 943 1396 vitia
998 1359 1305 1397 terebinthina.2

128 1414 303 1450 inlinitur
327 1413 468 1450 eadem
493 1413 619 1450 calida
642 1415 910 1450 membrorum
935 1413 1134 1450 doloribus
1158 1416 1305 1463 spatia-

179 1493 191 1511 1
215 1493 365 1523 Fortasse
381 1492 498 1523 excidit
515 1503 590 1523 cum
607 1498 680 1523 ame
698 1493 899 1534 amygdalis.

177 1535 188 1553 ²
212 1536 293 1566 item
316 1536 462 1576 pectoris
484 1537 569 1566 vitia
596 1536 842 1576 terebinthina]
864 1536 938 1566 diss.
957 1547 1033 1576 eqo:
1062 1537 1144 1566 item
1160 1537 1306 1576 pectoris

133 1579 228 1608 vitia.
275 1578 507 1609 terebinthina
530 1578 717 1621 Detlessen:
769 1579 849 1609 lenit
876 1579 1026 1620 pectoris
1051 1579 1136 1609 vitia
1159 1578 1302 1610 terebin-

133 1620 247 1657 thina;
282 1621 444 1661 Mayhoff.

171 1749 186 1764 ‘²
208 1746 268 1777 See
286 1745 379 1776 XIV.
398 1747 412 1784 ξ
432 1746 502 1777 122.

173 1788 186 1808 ¹³
207 1788 268 1820 See
285 1788 379 1819 XVI.
397 1790 411 1827 ξ
428 1790 480 1820 38.

171 1835 183 1850 ⁶
206 1832 254 1862 To
272 1832 381 1862 which
397 1833 477 1863 does
495 1831 553 1862 kae
571 1832 682 1863 refer?

170 1873 184 1892 ‘¹
207 1874 266 1904 See
286 1874 379 1906 XVI.
397 1875 412 1910 δ
432 1876 483 1906 54.

170 1922 180 1935 θ
203 1917 273 1947 The
290 1917 369 1947 bare
385 1909 536 1947 ablat-ive
552 1927 696 1957 appears
713 1921 857 1957 strange.
907 1917 1056 1957 Perhaps
1075 1917 1133 1948 the
1156 1918 1244 1957 juice
1267 1918 1303 1948 oi

129 1960 187 1990 the
215 1960 372 1990 almonds
403 1960 475 1996 has,
507 1970 544 1990 or
576 1970 645 1990 was
676 1960 846 2000 supposed
879 1964 915 1990 to
949 1960 1048 1993 have.
1080 1970 1100 1990 a
1130 1960 1302 2001 sostening

124 2003 234 2033 effect.
281 2002 431 2042 Perhaps
447 2002 586 2033 almond
603 2002 647 2033 oil
665 2003 691 2034 is
708 2006 833 2033 meant.
882 2003 942 2034 See
960 2003 1061 2034 XXV
1078 2005 1092 2043 ἓ
1111 2004 1180 2035 118.

133 2064 177 2100 28
