1459 2288
116 377 157 407 22

116 696 157 727 23

117 1123 158 1153 24

383 161 579 199 PLINY:
625 162 888 200 NATURAL
922 162 1159 200 HISTORY

183 268 321 316 pingui
342 265 425 302 solo
447 278 521 302 nec
543 268 656 302 sicco.
710 279 802 302 usus
825 265 965 302 radicis
989 278 1038 302 ex
1061 268 1152 302 vino
1174 265 1237 303 vel
1259 279 1363 315 aqua

183 320 446 370 dysintericis,
466 318 553 356 alvo
573 321 690 362 citae,
708 321 850 368 ruptis,
869 319 1074 356 convulsis.

232 372 324 408 VII.
354 371 516 421 Alypon
564 371 778 408 cauliculus
827 378 888 409 est
935 372 1045 408 molli
1091 375 1237 422 capite,
1284 385 1363 408 non

183 425 372 462 dissimile
394 425 529 468 betae,
553 438 641 462 acre
664 431 829 475 gustatu
853 438 898 462 ac
920 425 1075 462 lentum
1097 425 1363 475 mordensque

184 478 446 515 vehementer
484 485 526 515 et
564 478 799 515 accendens.
853 478 986 515 alvum
1024 478 1143 515 solvit
1179 481 1220 515 in
1259 492 1362 528 aqua

183 532 311 568 mulsa
345 531 484 568 addito
518 531 598 568 sale
632 531 800 568 modico.
855 534 1018 568 minima
1051 534 1161 581 potio
1194 532 1363 568 duarum

183 585 473 629 drachmarum,
516 585 649 621 media
691 591 894 634 quattuor,
936 587 1110 621 maxima
1161 598 1245 628 seX,
1290 585 1364 626 †ea

186 641 415 688 purgationi
435 638 603 688 quibus†
617 638 630 660 1
650 636 770 675 datur
789 651 810 674 e
829 638 1050 688 gallinaceo
1068 638 1184 674 iure.2

231 691 344 728 VIII.
374 691 525 735 Alsine,
556 705 676 741 quam
707 691 869 740 quidam
899 698 1109 741 myosoton
1141 691 1360 741 appellant,

184 748 359 782 nascitur
380 747 421 781 in
444 745 554 788 lucis,
578 745 684 781 unde
709 751 751 781 et
774 744 897 781 alsine
921 745 1028 781 dicta
1052 750 1125 781 est.
1179 747 1318 794 incipit
1340 758 1365 781 a

184 798 319 835 media
341 797 487 842 hieme,
513 801 655 835 arescit
680 804 835 835 aestate
860 798 1004 834 media.
1059 811 1149 834 cum
1173 800 1363 847 prorepit,

184 851 450 888 musculorum
480 865 594 888 aures
624 854 804 888 imitatur
833 850 946 888 foliis.
1001 851 1072 888 sed
1101 851 1219 888 aliam
1247 851 1364 888 doce-

184 905 313 941 bimus
353 918 439 941 esse
480 918 582 954 quae
621 907 761 941 iustius
801 907 991 954 myosotis
1031 911 1206 941 vocetur.
1263 904 1362 941 haec

186 958 328 995 eadem
371 964 458 994 erat
501 971 604 1007 quae
647 957 823 1001 helxine,
866 960 939 994 nisi
982 960 1110 994 minor
1152 960 1363 1007 minusque

186 1011 338 1048 hirsuta
359 1017 476 1048 esset.
517 1014 691 1048 nascitur
706 1014 746 1047 in
762 1010 885 1048 hortis
902 1017 944 1048 et
959 1014 1132 1048 maxime
1148 1014 1188 1047 in
1203 1014 1363 1061 parieti-

184 1065 270 1101 bus.
322 1078 413 1101 cum
442 1067 599 1108 teritur,
631 1064 794 1101 odorem
825 1068 1043 1101 cucumeris
1074 1064 1219 1101 reddit.
1271 1078 1364 1101 usus

184 1121 266 1155 eius
287 1118 338 1155 ad
357 1117 611 1155 collectiones
631 1117 1046 1167 inflammationesque
1071 1124 1113 1155 et
1132 1120 1172 1154 in
1193 1117 1364 1155 eadem3

186 1174 318 1208 omnia
347 1173 389 1208 in
420 1170 551 1221 quae4
580 1171 772 1214 helxine,⁵
804 1171 874 1208 sed
905 1171 1107 1208 infirmius.
1166 1171 1363 1221 epiphoris

237 1258 247 1276 ¹
271 1268 311 1289 ea
344 1257 538 1299 purgationi
573 1257 695 1297 quibus
725 1257 780 1288 Jo.
813 1257 960 1288 Mallem
1004 1257 1129 1288 eximia
1162 1258 1362 1298 purgatione

191 1300 314 1341 quibus
342 1300 516 1340 Maykoff:
558 1310 598 1330 ea
625 1300 783 1340 purgatio
812 1300 1017 1340 quibusdam
1047 1304 1104 1331 vet.
1133 1300 1221 1337 Dal„
1248 1300 1362 1331 Littrd.

189 1344 343 1375 Fortasse
358 1343 552 1384 purgationi
567 1353 588 1373 a
605 1343 821 1383 quibusdam.

235 1387 247 1405 ²
268 1387 340 1417 iure
367 1386 566 1417 Hermolaus
591 1386 770 1422 Barbarus,
797 1385 887 1416 edah:
923 1385 992 1416 fere
1019 1386 1042 1416 d
1067 1385 1096 1416 E
1122 1397 1160 1417 r:
1196 1385 1281 1417 ffere
1307 1385 1360 1417 R:

190 1429 287 1460 fferre
301 1429 331 1460 V
346 1441 353 1460 ε
380 1428 474 1459 malit
489 1429 591 1459 datur
604 1429 639 1459 in
654 1429 725 1460 iure
740 1439 757 1459 e
771 1428 956 1469 gallinaceo
971 1432 1086 1460 vetere
1101 1428 1264 1469 Illayhoff.

231 1470 245 1490 ³
268 1475 304 1503 et
323 1472 358 1502 in
378 1472 497 1503 eadem
519 1472 566 1511 (ni
587 1471 630 1510 E)
652 1471 681 1502 V
702 1471 733 1501 R
754 1471 806 1502 E:
836 1471 997 1503 emendat
1017 1472 1040 1502 d
1060 1471 1109 1502 T:
1140 1472 1222 1502 item
1242 1471 1362 1502 eadem

191 1514 405 1597 fllqyillzzloguae
420 1567 475 1597 290
489 1569 496 1588 :
527 1567 614 1596 quae
629 1556 718 1587 codd.
735 1560 763 1587 et
778 1556 848 1587 edd.

226 1600 401 1673 {dhelxme
427 1600 626 1631 Hermolaus
649 1599 839 1631 Barbarus:
880 1599 1030 1631 helxines
1056 1599 1213 1640 Maylzoff
1223 1612 1230 1631 :
1272 1599 1363 1630 varia

190 1654 224 1674 co
272 1668 278 1674 .

232 1783 245 1797 ‘²
268 1778 303 1809 It
318 1778 346 1809 is
362 1777 505 1808 difficult
520 1780 557 1808 to
572 1780 709 1818 suggest
725 1787 744 1808 a
760 1778 963 1809 restoration
980 1777 1019 1808 of
1029 1777 1098 1809 this
1114 1780 1282 1814 sentence,
1299 1777 1363 1808 but

185 1822 244 1853 the
257 1821 391 1862 general
404 1831 511 1857 sense,
526 1820 542 1851 I
555 1820 666 1857 think,
680 1821 707 1851 is
720 1819 798 1851 that
812 1820 910 1852 when
923 1821 1007 1852 used
1019 1831 1056 1852 as
1069 1831 1089 1851 a
1102 1831 1207 1861 purge
1220 1821 1288 1852 and
1300 1824 1362 1851 not

186 1876 224 1896 as
239 1875 260 1895 a
276 1864 426 1895 laxative
443 1863 569 1904 alypon
585 1863 707 1894 should
723 1863 764 1894 be
781 1863 1024 1895 administered
1038 1864 1073 1894 in
1091 1863 1230 1895 chicken
1247 1863 1360 1894 broth.

186 1907 400 1938 Dioscorides
412 1906 488 1938 tells
501 1917 540 1937 us
552 1906 631 1937 that
642 1905 701 1937 the
714 1906 838 1937 bowels
851 1906 961 1947 might
974 1907 1015 1937 be
1026 1906 1161 1946 injured
1174 1906 1219 1947 by
1231 1905 1290 1937 the
1302 1916 1362 1937 use

187 1951 226 1981 of
236 1950 373 1991 alypon,
388 1949 457 1980 and
471 1950 506 1980 in
522 1950 536 1987 ξ
550 1950 591 1980 95
606 1959 655 1979 we
670 1948 763 1980 leam
778 1949 856 1980 that
872 1949 1011 1980 chjcken
1027 1949 1129 1980 broth
1144 1960 1212 1980 was
1226 1949 1310 1980 used
1323 1952 1360 1980 to

186 1994 342 2034 mitigate
355 1992 438 2024 such
452 1991 601 2023 harmful
614 1991 741 2023 effects.
773 1991 843 2023 The
857 1993 995 2023 various
1007 1992 1162 2032 readings
1176 1992 1270 2023 show
1282 1991 1361 2023 that

185 2036 244 2067 the
256 2035 370 2067 textis
384 2038 533 2076 corrupt.
579 2035 614 2066 It
625 2035 653 2066 is
665 2045 747 2076 very
759 2038 895 2076 strange
906 2034 985 2066 that
997 2034 1080 2072 iure,
1091 2035 1150 2066 the
1162 2034 1359 2076 practically

183 2111 252 2144 402
