1459 2288
85 437 126 467 48

84 808 125 838 49

83 1288 126 1317 50

361 117 552 154 PLINY:
598 118 859 154 NATURAL
892 118 1127 156 HISTORY

153 221 295 256 attritu
324 220 510 256 odoratus
539 232 720 256 verrucas
749 219 996 269 papulasque
1024 219 1140 256 tollit.
1194 219 1327 270 populi

152 272 287 308 ferunt
324 278 364 309 et
399 275 439 308 in
474 272 574 309 foliis
609 278 769 322 guttam
805 285 854 309 ex
890 286 969 322 qua
1004 286 1098 321 apes
1134 273 1328 323 propolim

152 325 315 361 faciunt.
369 331 487 375 gutta
521 338 679 374 quoque
713 325 762 362 ad
798 338 901 375 quae
934 326 1106 375 propolis
1141 339 1190 362 ex
1224 340 1328 376 aqua

152 379 303 415 efficax.

203 431 397 467 XXXIII.
429 431 537 468 L'lmi
552 437 593 467 et
606 431 699 468 folia
713 437 755 467 et
768 437 904 468 cortex
920 437 961 468 et
974 433 1073 467 rami
1086 433 1164 467 vim
1177 431 1329 468 habent

154 485 346 533 spissandi
387 490 428 520 et
466 484 626 521 volnera
664 484 936 521 contrahendi.
991 487 1145 521 corticis
1183 488 1325 534 utique

153 540 316 574 interior
348 537 432 573 tilia
463 537 592 586 lepras
625 537 741 574 sedat
773 543 815 573 et
847 537 939 574 folia
973 551 1022 574 ex
1055 543 1170 574 aceto
1202 538 1326 574 inlita.

152 593 307 627 corticis
348 591 498 627 denarii
540 590 694 640 pondus
736 596 876 639 potum
916 593 956 626 in
997 590 1157 627 hemina
1197 604 1326 640 aquae

152 643 321 693 frigidae
343 644 473 679 alvum
497 650 643 693 purgat
665 646 911 693 pituitasque
935 649 977 680 et.
999 657 1122 692 aquas
1144 646 1328 693 privatim

152 696 287 733 trahit.
342 699 545 746 inponitur
578 703 620 733 et
652 697 948 733 collectionibus
982 696 1143 733 lacrima
1176 703 1218 733 et
1249 697 1329 734 vol-

152 751 311 786 neribus
346 756 387 786 et
421 751 614 786 ambustis
649 763 751 798 quae
785 750 950 786 decocto
984 749 1118 786 fovere
1151 750 1326 799 prodest.

153 817 266 839 umor
287 805 326 839 in
349 802 528 839 folliculis
551 804 698 839 arboris
720 802 834 839 huius
857 816 1021 839 nascens
1047 805 1129 839 cuti
1156 805 1327 840 nitorem

153 856 304 892 inducit
357 855 580 905 faciemque
633 859 849 905 gratiorem
902 862 1093 905 praestat.
1147 856 1327 893 cauliculi

152 909 333 945 foliorum
365 912 478 958 primi
510 911 600 945 vino
631 909 784 945 decocti
816 915 992 945 tumores
1023 915 1167 945 sanant
1198 915 1328 946 extra-

152 962 333 1011 huntque
346 975 417 1011 per
429 962 592 998 fistulas.
646 962 752 998 idem
765 968 973 1011 praestant
985 968 1027 998 et
1038 962 1148 998 tiliae
1160 965 1326 999 corticis.

151 1015 265 1052 multi
304 1018 491 1052 corticem
531 1015 905 1052 commanducatum
942 1015 1166 1052 volneribus
1205 1015 1329 1052 utilis-

152 1071 295 1105 simum
336 1074 496 1118 putant,
537 1068 630 1105 folia
670 1071 767 1105 trita
807 1082 911 1118 aqua
952 1069 1140 1118 adspersa
1179 1069 1328 1118 pedum

151 1124 310 1158 tumori.
364 1135 478 1158 umor
525 1135 683 1171 quoque
733 1135 754 1158 e
801 1121 990 1165 medulla,
1038 1124 1096 1158 uti
1143 1121 1328 1166 diximus,

151 1181 350 1212 castratae
396 1176 544 1211 arboris
592 1175 755 1211 effluens
801 1175 985 1224 capillum
1030 1175 1163 1212 reddit
1207 1178 1327 1225 capiti

152 1228 287 1264 inlitus
306 1227 611 1277 defluentesque
631 1231 823 1264 continet.

203 1281 388 1317 XXXIV.
418 1282 548 1318 Arbor
578 1281 663 1317 tilia
694 1281 820 1318 lenius
852 1281 903 1318 ad
934 1280 1076 1317 eadem
1107 1280 1191 1317 fere
1222 1281 1328 1317 utilis

153 1340 214 1371 est
231 1340 354 1384 atque
367 1334 381 1357 ¹
399 1335 581 1371 oleaster.
626 1334 719 1371 folia
735 1340 871 1371 autem
888 1340 1049 1371 tantum
1067 1337 1107 1370 in
1123 1348 1197 1371 usu
1217 1340 1259 1371 et
1278 1334 1328 1371 ad

150 1387 363 1424 infantium
400 1388 533 1424 ulcera
569 1393 611 1424 et
647 1390 685 1424 in
724 1401 804 1431 ore,
842 1393 884 1424 et
920 1387 1250 1424 commanducata
1286 1393 1329 1424 et

151 1441 317 1478 decocta
329 1443 483 1477 urinam
495 1444 615 1484 cient,
626 1454 784 1477 menses
797 1443 943 1477 sistunt
953 1441 1080 1485 inlita,
1092 1443 1326 1491 sanguinem

152 1500 248 1543 pota
267 1494 497 1531 detrahunt.

205 1596 216 1614 ¹
239 1599 344 1635 atque
360 1606 433 1626 cum
453 1595 541 1626 codd.
554 1595 623 1635 fere
642 1594 793 1626 omnibus
811 1594 998 1637 Dellef-sen:
1029 1595 1074 1626 ad
1093 1605 1180 1636 quae
1198 1605 1271 1626 cum
1294 1596 1327 1627 X

157 1638 319 1679 Maylzoff,
337 1638 394 1679 qui
408 1642 513 1678 atque
528 1643 637 1669 contra
652 1637 762 1669 Plinii
780 1648 873 1669 usum
888 1648 954 1669 esse
968 1637 1056 1669 dicit.

200 1810 213 1824 ‘²
235 1806 318 1837 This
350 1816 457 1837 seems
487 1808 524 1837 to
560 1806 600 1836 be
631 1805 689 1836 the
721 1806 879 1846 meaning
915 1805 955 1837 of
979 1805 1125 1845 spissare
1156 1805 1234 1836 here
1271 1805 1326 1837 be-

154 1859 253 1880 cause
275 1849 314 1880 of
333 1848 462 1880 volnera
477 1849 687 1880 contrahendi
702 1848 936 1889 immediately
950 1848 1132 1890 following.
1176 1849 1328 1889 Spissare

153 1893 181 1922 is
197 1903 216 1922 a
233 1902 388 1922 common
406 1892 499 1922 word
513 1893 549 1922 in
564 1892 675 1932 Pliny,
693 1891 828 1932 usually
844 1891 989 1922 without
1009 1902 1052 1922 an
1072 1893 1250 1932 expressed
1269 1891 1326 1922 ob-

153 1936 232 1974 ject,
250 1935 311 1966 but
328 1936 362 1965 in
383 1934 514 1966 XXVI.
536 1936 551 1974 ἕ
571 1936 613 1966 46
633 1935 675 1965 ad
694 1935 873 1974 spissanda
891 1944 1025 1974 corpora
1044 1944 1151 1965 seems
1170 1938 1208 1965 to
1228 1945 1328 1965 mean

156 1978 175 1990 ‘⁵
190 1982 227 2008 to
246 1979 322 2019 give
337 1981 419 2009 tone
434 1983 471 2008 to
489 1977 632 2016 (harden
643 1979 670 2016 2²)
688 1977 747 2008 the
764 1977 890 2018 body‚”
907 1988 945 2008 as
959 1978 994 2008 in
1011 1977 1125 2008 Celsus
1141 1977 1187 2009 H.
1204 1978 1226 2009 i.
1243 1978 1258 2017 ζ)
1277 1979 1326 2009 lo.

155 2050 201 2084 40
