1459 2288
105 291 144 322 12

150 292 163 322 1

148 930 166 960 Ν.)

392 183 588 220 PLINY:
634 183 898 220 NATURAL
931 183 1168 220 HISTORY

245 286 427 323 LXXIV.
460 286 548 335 Igni
575 299 686 322 sacro
712 286 929 322 medentur
956 289 1125 329 aizoum,
1153 285 1248 322 folia
1274 290 1371 323 trita

194 344 364 383 cicutae,
395 339 687 389 mandragorae
721 339 1076 376 radix-—secatur1
1110 342 1150 375 in
1184 352 1290 376 asses
1324 346 1370 376 ut

194 396 384 436 cucumis,
398 395 653 442 primumque
667 405 787 442 super
800 399 978 429 mustum
993 392 1264 442 suspenditur,
1277 406 1371 429 mox

194 450 234 483 in
255 446 379 490 fumo,
395 446 489 482 dein
510 446 694 482 tunditur
707 445 798 482 2—e
819 449 910 482 vino
930 452 1001 482 aut
1022 452 1149 482 aceto.
1207 446 1372 495 prodest

195 506 236 536 et
258 502 348 536 vino
368 506 527 549 myrteo
547 498 697 542 fovere,
717 505 882 535 mentae
906 505 1085 542 sextans,
1101 501 1177 535 vivi
1202 499 1371 548 sulpuris

194 556 324 596 uncia,
353 566 403 589 ex
431 558 547 589 aceto
574 552 691 588 simul
717 555 828 595 trita,
856 551 981 601 fuligo
1009 565 1059 588 ex
1087 558 1215 589 aceto.
1269 555 1372 602 ignis

194 609 293 643 sacri
309 606 424 655 plura
439 612 532 642 sunt
547 619 712 655 genera,
728 608 834 642 inter
855 619 958 655 quae
975 606 1153 642 medium
1168 605 1372 642 hominem

194 660 374 696 ambiens
413 662 479 709 qui
516 665 648 695 zoster
686 665 851 696 vocatur
885 665 926 695 et
961 658 1136 702 enecat,3
1169 662 1200 695 si
1233 661 1370 695 cinxit.

194 713 381 749 medetur
405 712 598 762 plantago
623 726 713 749 cum
738 718 849 748 creta
874 712 1041 749 Cimolia
1066 718 1108 748 et
1132 715 1372 761 peristereos

194 780 266 816 per
290 779 346 809 se,
371 766 485 802 radix
510 765 766 815 persollatae,
792 765 876 802 aliis
903 779 1006 815 quae
1032 772 1198 815 serpunt
1223 765 1373 815 cotyle-

195 820 307 856 donis
330 819 443 856 radix
466 832 556 855 cum
578 819 720 862 mulso,
744 821 912 862 aizoum,
935 832 1051 855 sucus
1074 832 1096 855 e
1118 818 1299 855 linozosti
1323 832 1372 855 ex

197 879 323 909 aceto.

246 925 406 962 LXXV.
437 925 567 962 Radix
601 925 792 975 polypodi
824 925 972 962 inlita4
1004 925 1153 962 luxatis
1186 925 1374 962 medetur

194 979 453 1028 doloremque
484 985 525 1015 et
554 985 732 1015 tumores
761 978 909 1015 tollunt
938 992 1076 1015 semen
1105 978 1251 1028 psyllii,
1279 977 1375 1015 folia

194 1033 437 1083 plantaginis
457 1035 568 1075 trita,
588 1032 669 1068 sale
689 1032 845 1068 modice
865 1032 1018 1075 addito,
1038 1033 1215 1068 verbasci
1235 1045 1373 1068 semen

196 1099 245 1122 ex
264 1089 355 1122 vino
373 1085 585 1122 decoctum
603 1088 759 1128 tritum,
778 1088 909 1122 cicuta
927 1099 1018 1122 cum
1037 1089 1223 1135 axungia.
1279 1084 1374 1122 folia

252 1177 264 1195 ¹
288 1180 422 1207 secatur
439 1176 543 1207 Hard.
563 1187 599 1207 ex
616 1176 683 1207 cod.
702 1176 813 1207 Murb.
831 1188 838 1206 :
869 1177 1015 1207 siccatur
1032 1176 1120 1207 codd.

251 1220 262 1239 ²
286 1220 444 1250 tundjtur
464 1221 533 1257 (aut
552 1219 698 1258 tuditur)
719 1219 807 1250 codd.
825 1231 831 1249 :
864 1220 987 1249 teritur
1005 1219 1088 1250 coni.
1109 1218 1272 1260 fllayhoff.
1320 1218 1371 1259 ΟΥ.

207 1262 422 1302 Theophrasti
445 1262 532 1292 H.P.
558 1262 611 1292 IX
634 1263 669 1292 ix
695 1263 734 1292 l:
774 1262 834 1302 τὴν
861 1261 895 1293 δὲ
921 1261 1011 1301 ῥίζαν
1040 1264 1109 1301 (τοῦ
1135 1261 1371 1302 μανδραγόρου)

209 1306 287 1345 πρὸς
304 1304 493 1345 ἐρυσίπελας
509 1304 679 1342 ξυσθεῖσάν
693 1317 728 1335 τε
745 1304 798 1336 καὶ
815 1304 880 1342 ὄξει
899 1304 1074 1336 δευθεῖσαν.

250 1348 263 1366 ³
285 1352 320 1378 et
347 1352 466 1378 enecat
494 1348 522 1378 E
550 1358 578 1380 r.
605 1347 769 1388 „Uathffl
798 1347 905 1386 vulffi:
947 1351 982 1378 et
1008 1351 1109 1378 necat
1136 1346 1231 1377 multi
1258 1347 1370 1378 codd.:

205 1394 323 1422 enecat
342 1390 461 1427 Ianus,
481 1390 654 1430 Dctlefsen.

250 1435 263 1453 4
287 1433 384 1464 radix
421 1432 585 1474 polypodi
621 1433 720 1464 inlita
758 1443 831 1464 cum
865 1432 975 1473 priore
1012 1432 1171 1463 sententia
1205 1432 1372 1472 coniungit

192 1476 365 1516 Deilefsen.

235 1623 248 1637 ‘²
272 1618 328 1655 Or,
347 1619 434 1649 “are
450 1618 610 1659 gourds.’'

237 1662 248 1681 ὓ
272 1662 342 1693 The
372 1662 590 1692 emendation
621 1662 734 1692 teritur
764 1662 791 1692 is
822 1661 1009 1702 supported
1040 1662 1085 1703 by
1116 1661 1371 1702 Theophrastus

190 1705 243 1736 IX
274 1706 308 1735 ix
328 1706 367 1736 1:
403 1705 494 1744 ῥίζαν
519 1729 526 1736 .
553 1729 560 1736 .
587 1729 594 1736 .
619 1704 788 1742 ξυσθεῖσαν
813 1704 832 1716 “
848 1705 989 1745 scraped
1005 1704 1044 1741 ”;
1082 1705 1144 1735 but
1171 1705 1303 1745 though
1330 1704 1371 1735 he

190 1748 257 1778 and
284 1748 383 1788 Pliny
409 1758 465 1778 are
492 1758 575 1788 very
600 1747 728 1778 similar
754 1747 837 1788 they
863 1758 919 1778 are
945 1747 1016 1778 also
1041 1748 1076 1778 in
1103 1757 1196 1778 some
1222 1751 1371 1788 respeets

189 1791 360 1831 strangely
386 1790 510 1822 unlike.
558 1790 719 1822 Contrast
743 1790 795 1821 for
818 1792 973 1821 instance
1007 1794 1132 1821 secatur
1159 1790 1196 1820 in
1222 1799 1310 1821 asses
1336 1793 1371 1820 ut

190 1834 335 1864 cucumis
359 1837 413 1864 etc.
439 1833 523 1864 with
546 1832 695 1873 τέμνουσι
721 1832 754 1863 δὲ
777 1834 966 1872 τροχίσκους
990 1832 1100 1872 ὥσπερ
1124 1832 1296 1873 ῥαφανῖδος
1319 1832 1371 1864 καὶ

190 1876 364 1917 ἐνείραντες
381 1875 459 1916 ὑπὲρ
473 1875 628 1915 γλεύκους
645 1875 825 1915 ἐκρέμασαν
838 1875 890 1906 ἐπὶ
905 1878 1030 1915 καπνῷ.
1064 1876 1154 1906 Hort
1167 1875 1368 1906 translates:

192 1919 211 1931 ‘⁶
225 1920 308 1960 they
325 1922 383 1950 cut
397 1919 486 1950 little
503 1919 588 1950 balls
604 1918 642 1949 of
653 1920 691 1955 it,
708 1929 745 1949 as
761 1918 799 1949 of
811 1919 973 1955 radishes,
990 1918 1058 1949 and
1074 1919 1213 1959 making
1228 1929 1248 1949 a
1263 1919 1371 1958 string

190 1962 228 1993 of
245 1963 340 1993 them
363 1962 453 2002 hang
475 1961 571 1992 them
594 1972 640 2002 up
661 1962 696 1992 in
719 1961 778 1992 the
801 1961 917 1992 smoke
941 1972 1022 1992 over
1043 1961 1171 1992 must.”
1217 1960 1374 2001 Mayhoff

189 2006 277 2044 joins
297 2005 349 2035 his
368 2005 481 2035 teritur
500 2005 583 2035 with
604 2015 619 2035 e
638 2004 714 2035 vino
734 2007 790 2034 aut
810 2008 905 2035 aceto.
954 2004 1025 2034 But
1048 2015 1085 2034 as
1108 2004 1220 2035 teritur
1242 2004 1304 2034 has
1326 2014 1370 2034 no

189 2048 258 2079 MS.
293 2047 480 2088 authority,
514 2047 581 2077 and
613 2047 671 2077 the
705 2047 915 2088 parenthesis
947 2048 1040 2087 gives
1071 2057 1091 2077 a
1123 2057 1205 2088 very
1237 2046 1370 2077 Plinian

196 2110 266 2157 356
