1459 2288
60 255 119 287 168

65 957 122 988 169

65 1407 123 1437 170

349 146 543 184 PLINY:
589 145 851 183 NATURAL
884 144 1120 182 HISTORY

196 249 305 286 CIII.
336 248 539 298 Eriphiam
554 247 668 283 multi
682 246 904 296 prodidere.
958 247 1215 283 scarabaeum
1229 246 1327 282 haec

150 317 189 350 in
221 326 346 349 avena
376 312 499 348 habet
530 325 683 348 sursum
714 310 899 347 deorsum
929 310 1208 347 decurrentem
1239 324 1326 346 cum

151 391 246 414 sono
271 376 402 419 haedi,
429 375 534 412 unde
561 381 601 411 et
627 388 772 411 nomen
799 377 963 424 accepit.
1019 374 1091 410 hac
1117 374 1167 411 ad
1193 387 1327 410 vocem

151 441 246 478 nihil
262 442 530 489 praestantius
548 452 632 475 esse
648 438 825 475 tradunt.

201 504 302 541 CIV.
334 504 470 540 Herba
514 503 663 539 lanaria
709 504 846 539 ovibus
892 505 1032 539 ieiunis
1078 502 1173 539 data
1220 502 1329 538 lactis

154 568 441 605 abundantiam
472 567 578 603 facit.
635 580 763 616 aeque
794 572 890 604 nota
919 566 1076 603 lactoris
1108 566 1225 616 vulgo
1256 572 1329 609 est,

152 633 270 682 plena
303 632 413 668 lactis
447 631 551 680 quod
584 631 845 681 degustatum
878 633 1112 667 vomitiones
1144 632 1329 667 concitat.

152 696 321 733 eandem
341 696 443 732 hanc
463 695 581 744 aliqui
604 709 689 732 esse
709 695 860 738 dicunt,
875 694 939 731 alii
959 694 1125 731 similem
1142 694 1195 730 illi
1212 707 1329 743 quam

153 760 365 797 militarem
412 765 566 803 vocant,
614 762 799 809 quoniam
848 758 986 795 vulnus
1032 757 1135 795 ferro
1180 757 1330 794 factum

153 824 303 860 nullum
352 837 429 860 non
478 826 581 860 intra
630 823 714 860 dies
763 825 940 872 quinque
987 828 1103 859 sanat
1150 835 1198 859 ex
1245 821 1332 858 oleo

156 890 337 938 inposita.

200 952 278 988 CV.
310 951 547 988 Celebratur
569 957 705 987 autem
729 957 769 987 et
793 964 815 987 a
838 951 999 987 Graecis
1023 953 1241 994 stratiotes,
1263 950 1333 987 sed

154 1030 201 1053 ea
226 1019 265 1052 in
291 1016 481 1065 Aegypto
502 1021 660 1051 tantum
688 1021 729 1051 et
753 1015 1015 1051 inundatione
1042 1014 1118 1051 Nili
1145 1017 1333 1057 nascitur,

160 1083 268 1117 aizoo
307 1080 454 1123 similis,
494 1082 531 1116 ni
571 1083 720 1116 maiora
759 1079 927 1116 haberet
965 1078 1069 1115 folia.
1125 1078 1335 1129 refrigerat

158 1147 255 1181 mire
289 1149 331 1180 et
362 1143 526 1181 vulnera
558 1149 671 1180 sanat
706 1157 754 1180 ex
788 1149 902 1180 aceto
934 1143 1060 1187 inlita,
1093 1145 1191 1179 item
1224 1145 1334 1193 ignes

158 1222 287 1245 sacros
331 1214 373 1244 et
416 1211 732 1257 suppurationes.
788 1210 1021 1257 sanguinem
1066 1220 1225 1257 quoque
1269 1209 1333 1256 qui

159 1271 300 1309 defluit
334 1286 357 1309 a
390 1273 550 1309 renibus
585 1278 681 1322 pota
715 1285 804 1308 curn
840 1277 929 1308 ture
964 1271 1138 1308 masculo
1172 1270 1335 1308 mirifice

159 1339 274 1373 sistit.

204 1400 305 1437 CVI.
337 1400 474 1437 Herba
512 1403 551 1437 in
589 1402 721 1450 capite
761 1405 920 1436 statuae
959 1405 1055 1436 nata
1093 1399 1259 1436 collecta
1297 1402 1335 1436 in

158 1467 277 1501 vestis
305 1463 466 1501 alicuius
493 1478 670 1514 pannum
698 1470 739 1501 et
766 1464 931 1514 inligata
958 1463 1037 1501 lino
1054 1464 1067 1487 1
1090 1462 1176 1501 rufo
1197 1466 1337 1513 capitis

156 1528 310 1566 dolores
330 1529 513 1578 adposita
532 1528 741 1565 confestim
762 1529 902 1565 sedare
922 1529 1105 1565 traditur.

211 1592 334 1629 CVII.
365 1593 501 1630 Herba
531 1606 807 1642 quaecumque
839 1606 860 1629 e
890 1594 980 1629 rivis
1012 1598 1081 1629 aut
1111 1591 1337 1629 fluminibus

160 1662 255 1692 ante
288 1655 376 1693 solis
409 1662 541 1693 ortum
572 1655 739 1694 collecta
770 1660 827 1693 ita
858 1662 903 1693 ut
935 1669 1052 1693 nemo
1084 1655 1336 1706 colligentem

161 1721 295 1757 videat
317 1719 531 1771 adalligata
553 1721 664 1757 laevo
685 1720 867 1757 bracchio
888 1723 943 1756 ita
965 1726 1010 1757 ut
1031 1733 1152 1770 aeger
1173 1720 1267 1769 quid
1287 1722 1337 1756 sit

160 1784 256 1820 illud
275 1787 432 1834 ignoret
452 1788 644 1821 tertianas
665 1798 798 1821 arcere
818 1785 1000 1821 traditur.

211 1848 356 1885 CVIII.
388 1848 543 1898 Lingua
563 1848 687 1886 herba
706 1850 881 1886 nascitur
903 1851 1005 1884 circa
1029 1847 1170 1884 fontes.
1227 1848 1337 1884 radix

162 1915 245 1948 eius
275 1913 469 1949 conbusta
498 1918 540 1949 et
568 1915 664 1950 trita
692 1926 782 1949 cum
812 1913 928 1962 adipe
957 1911 1266 1949 suis—adiciunt
1294 1917 1338 1948 ut

430 1998 442 2017 ¹
466 1998 847 2041 11noSzssllifflMayhoff2
877 2000 910 2030 m
926 1998 995 2030 lino
1012 1997 1098 2028 codd.

185 2071 252 2098 120
