1459 2288
375 174 569 212 PLINY:
615 175 877 212 NATURAL
910 174 1146 212 HISTORY

175 285 216 316 et
242 278 435 316 fortunati
458 281 675 328 gignantur
695 279 807 315 liberi
837 281 899 315 cui
927 292 1117 328 umquam
1141 277 1347 316 Persarum

109 349 150 380 20
175 346 257 393 regi
293 342 393 379 tales
428 342 568 379 dedit?
616 345 758 379 mirum
795 349 899 379 esset
932 341 1111 392 profecto
1144 342 1347 392 hucusque

108 1437 126 1466 ¹0

131 1437 149 1466 ΝΑ

174 413 404 457 provectam
453 406 733 443 credulitatem
783 409 1035 456 antiquorum
1083 407 1347 443 saluberrimis

174 477 302 507 ortam
330 473 466 514 initiis,
494 473 525 506 si
553 473 593 506 in
621 470 702 507 ulla
729 484 770 507 re
799 470 963 507 modum
990 470 1163 507 humana
1190 473 1351 520 ingenia

174 538 376 571 novissent
420 540 541 584 atque
585 547 663 570 non
706 534 807 571 hanc
849 537 975 584 ipsam
1018 534 1257 571 medicinam
1300 535 1350 571 ab

174 598 412 648 Asclepiade
452 604 653 647 repertam
693 599 897 648 probaturi
939 611 1010 635 suo
1049 598 1134 635 loco
1175 611 1350 635 essemus

176 668 356 699 evectam
386 662 492 699 ultra
524 661 666 712 Magos
698 665 831 699 etiam.
885 662 984 699 haec
1015 668 1075 699 est
1105 664 1211 699 omni
1240 665 1280 699 in
1308 675 1350 699 re

175 730 397 763 animorum
440 726 631 770 condicio,
674 732 719 763 ut
762 740 785 763 a
827 729 1054 763 necessariis
1098 740 1184 763 orsa
1225 729 1351 776 primo

175 796 319 827 cuncta
352 793 606 840 pervenerint
640 790 690 827 ad
722 793 899 827 nimium.
954 793 1076 840 igitur
1105 790 1350 827 demonstra-

175 861 306 891 tarum
361 857 489 904 priore
541 854 641 891 libro
694 854 906 891 herbarum
959 854 1131 904 reliquos
1186 853 1349 891 effectus

174 919 386 955 reddemus
412 918 629 955 adicientes
654 924 699 955 ut
725 931 902 968 quasque
926 921 1027 955 ratio
1052 918 1231 955 dictabit.

225 982 273 1019 X.
299 982 378 1019 Sed
400 985 440 1018 in
463 982 627 1018 lichenis
647 982 833 1019 remediis
855 988 976 1032 atque
1000 989 1083 1019 tam
1108 981 1226 1019 foedo
1249 981 1353 1018 malo

176 1046 289 1096 plura
321 1046 498 1096 undique
532 1047 801 1083 acervabimus
835 1060 1076 1096 quamquam
1108 1059 1187 1082 non
1220 1049 1352 1095 paucis

176 1114 253 1147 iam
297 1110 591 1147 demonstratis.
645 1110 832 1147 medetur
875 1124 968 1160 ergo
1011 1110 1202 1160 plantago
1244 1112 1352 1153 trita,

176 1174 506 1224 quinquefolium,
533 1174 647 1211 radix
674 1174 803 1210 albuci
832 1187 880 1210 ex
909 1181 1036 1217 aceto,
1064 1174 1195 1210 ficulni
1222 1173 1352 1210 caules

177 1245 290 1275 aceto
312 1238 479 1282 decocti,
499 1238 637 1275 hibisci
658 1237 770 1274 radix
791 1252 881 1274 cum
901 1238 1057 1288 glutino
1079 1244 1119 1274 et
1141 1244 1254 1274 aceto
1275 1239 1352 1274 acri

177 1303 343 1339 decocta
382 1303 432 1339 ad
472 1309 645 1352 quartas,
701 1301 896 1339 defricant
937 1305 1058 1338 etiam
1098 1305 1268 1352 pumice,
1308 1307 1353 1338 ut

176 1370 330 1404 rumicis
349 1367 460 1404 radix
479 1370 575 1404 trita
595 1380 643 1403 ex
663 1373 776 1403 aceto
794 1367 983 1403 inlinatur
1003 1373 1043 1403 et
1062 1366 1132 1403 flos
1152 1369 1243 1403 visci
1261 1379 1351 1402 cum

175 1432 281 1468 calce
312 1432 510 1468 subactus.
564 1431 751 1468 laudatur
782 1437 823 1468 et
854 1430 1070 1481 tithymalli
1102 1444 1191 1467 cum
1223 1433 1352 1466 resina

177 1496 400 1539 decoctum,
420 1496 551 1532 lichen
571 1509 663 1532 vero
684 1495 810 1532 herba
830 1496 1011 1532 omnibus
1034 1494 1093 1531 his
1113 1493 1350 1544 praefertur,

175 1560 267 1597 inde
288 1563 448 1597 nomine
469 1563 643 1597 invento.
698 1563 872 1596 nascitur
892 1562 932 1596 in
953 1561 1069 1603 saxis,
1090 1558 1183 1596 folio
1203 1572 1282 1595 uno
1303 1558 1352 1595 ad

177 1625 350 1661 radicem
379 1624 474 1668 lato,
504 1624 616 1661 caule
646 1637 725 1660 uno
754 1637 889 1674 parvo,
917 1623 1044 1673 longis
1075 1622 1176 1660 foliis
1206 1623 1354 1672 depen-

176 1689 375 1726 dentibus.
429 1689 527 1725 haec
546 1688 656 1726 delet
674 1695 716 1725 et
733 1691 937 1738 stigmata,
954 1690 1098 1724 teritur
1115 1701 1205 1724 cum
1222 1686 1353 1724 melle.

177 1760 238 1791 est
264 1753 373 1790 aliud
398 1766 524 1803 genus
550 1752 728 1796 lichenis,
755 1755 878 1802 petris
904 1757 1037 1789 totum
1063 1751 1284 1788 adhaerens
1310 1757 1355 1788 ut

221 1874 235 1888 ⁰
259 1869 396 1906 XXIX,
413 1870 444 1908 ἐξ
460 1870 479 1900 6
496 1869 566 1900 foll.

223 1913 235 1932 ἃ
259 1913 329 1944 The
351 1912 510 1953 glue-like
531 1912 619 1952 juice
641 1911 679 1942 of
697 1911 757 1942 the
778 1910 948 1942 mistletoe
970 1910 1077 1941 found
1099 1910 1219 1951 chiefly
1241 1911 1276 1940 in
1297 1910 1356 1941 the

178 1957 286 1996 berry.
334 1955 400 1985 For
427 1955 496 1986 this
524 1965 619 1986 sense
647 1954 685 1985 of
703 1954 768 1994 flos
797 1953 838 1985 cf.
868 1953 984 1994 VirgiL
1014 1953 1172 1992 Gemmas,
1201 1953 1261 1984 IV.
1290 1954 1353 1984 39:

171 2000 310 2038 fucoque
341 2002 368 2028 et
392 1998 532 2038 floribus
562 2007 636 2028 ora-3
657 1997 661 2039 Ι
681 1997 819 2036 explent,
850 1996 1073 2036 collectumque
1104 1995 1179 2026 haec
1210 1996 1285 2035 ipsa
1312 1995 1355 2026 ad

177 2051 313 2072 munera
332 2041 439 2080 qluten
460 2041 464 2083 Ι
485 2045 511 2071 et
530 2040 615 2071 visco
634 2044 661 2071 et
680 2040 842 2079 Phryyiae
859 2043 987 2070 servant
1002 2039 1076 2079 pice
1094 2038 1213 2069 lentius
1230 2038 1321 2069 Idae.

179 2104 248 2139 280
