1459 2288
137 555 179 586 90

137 1088 175 1118 91

408 182 603 219 PLINY:
649 183 912 221 NATURAL
945 183 1181 220 HISTORY

205 299 335 329 sucus,
360 299 409 322 ex
433 286 553 322 melle
577 299 729 330 semen,
754 289 1005 336 stranguriae
1031 289 1235 337 agaricum
1259 286 1384 323 obolis

206 340 332 375 tribus
374 342 414 375 in
457 342 536 375 vini
579 343 726 376 veteris
768 339 915 390 cyatho
957 353 1050 383 uno,
1093 339 1229 376 trifolii
1271 339 1384 376 radix

205 392 402 428 drachmis
437 392 592 429 duabus
628 395 665 428 in
698 396 800 436 vino,
831 393 946 429 dauci
982 406 1062 429 una
1096 392 1286 429 drachma
1321 392 1384 429 vel

206 448 378 481 seminis.
435 445 635 482 ischiadici
683 449 835 482 semine
884 452 926 482 et
973 445 1076 482 foliis
1125 445 1383 496 erythrodani

206 501 310 535 tritis
334 505 539 542 sanantur,
563 512 714 548 panace
737 506 834 548 poto
858 505 899 536 et
921 498 1120 542 infricato,
1143 499 1383 548 polemonia,

206 551 482 588 aristolochiae
499 552 666 589 decocto
681 552 775 589 folii.
832 555 990 602 agarico
1005 552 1169 602 quidem
1184 558 1226 589 et
1240 565 1383 589 nervus

206 607 272 654 qui
306 605 439 654 platus
475 605 702 667 appellatur
736 612 778 642 et
812 619 1041 642 umerorum
1074 605 1187 642 dolor
1219 611 1384 642 sanatur

206 657 330 694 obolis
344 659 493 694 tribus'
484 672 523 694 m
537 661 617 694 vini
631 673 653 695 v
657 662 756 695 etei
747 672 777 695 lS
792 672 840 708 cy
843 658 939 695 atho
952 673 1031 695 uno
1044 665 1152 708 poto.
1190 661 1384 708 quinque-

206 710 344 747 folium
392 711 613 748 ischiadicis
658 718 700 749 et
744 713 895 749 bibitur
939 718 981 749 et
1024 715 1241 761 inponitur,
1285 715 1384 748 item

206 765 434 801 scamonia1
465 765 646 808 decocta,
680 771 722 802 et
753 778 843 801 cum
874 765 1013 802 hordei
1048 765 1187 802 farina.
1245 778 1383 802 semen

206 817 384 867 hyperici
416 821 624 867 utriusque
655 819 807 855 bibitur
838 832 887 855 ex
919 822 1021 855 vino.
1078 819 1183 855 sedis
1214 821 1312 855 vitia
1342 824 1384 855 et

206 871 378 907 adtritus
427 871 633 908 celerrime
682 878 798 908 sanat
846 872 1052 922 plantago,
1100 871 1384 921 condylomata

206 923 540 973 quinquefolium,
571 925 641 961 sed
674 938 722 961 ea
751 925 819 961 in²
849 925 994 961 callum
1029 925 1136 961 iam3
1165 924 1384 962 conversa4

204 977 412 1026 cyclamini
454 978 567 1014 radix
609 991 657 1014 ex
701 984 827 1015 aceto.
885 978 1158 1028 anagallidum
1199 978 1383 1015 caerulea

205 1031 495 1079 procidentiam
536 1031 641 1068 sedis
682 1038 791 1068 retro
833 1035 931 1081 agit,
974 1045 995 1068 e
1037 1032 1194 1068 diverso
1235 1032 1382 1068 rubens

204 1086 386 1132 proritat.
442 1084 656 1134 cotyledon
682 1085 967 1135 condylomata
991 1091 1034 1121 et
1057 1084 1382 1121 haemorrhoidas

204 1139 303 1173 mire
329 1143 457 1180 curat,
483 1141 650 1174 testium
676 1144 853 1175 tumores
881 1141 985 1174 acori
1011 1138 1124 1174 radix
1150 1138 1318 1175 decocta
1342 1141 1382 1174 in

204 1193 296 1226 vino
323 1193 501 1240 tritaque
530 1191 656 1228 inlita.
712 1194 988 1241 intertrigines
1017 1197 1141 1241 negat
1170 1191 1254 1228 fieri
1283 1191 1384 1228 Cato

205 1243 450 1280 absinthium
482 1244 693 1281 Ponticum
725 1258 860 1281 seeum
891 1244 1148 1282 habentibus.
1204 1244 1269 1281 alii
1301 1244 1383 1280 adi-

204 1299 314 1333 ciunt
337 1303 378 1333 et
399 1297 591 1346 puleium,
613 1298 720 1347 quod
741 1301 897 1334 ieiunus
919 1301 1007 1347 quis
1024 1298 1039 1321 5
1061 1298 1220 1348 legerit,
1241 1300 1270 1334 si
1293 1303 1384 1347 post

204 1363 245 1386 se
260 1350 413 1399 alliget,
427 1353 599 1400 inguinis
614 1351 770 1388 dolores
785 1351 974 1400 prohibet
988 1358 1057 1388 aut
1075 1351 1191 1388 sedat
1205 1357 1380 1400 coeptos.

255 1403 361 1440 LIX.
394 1403 626 1454 Inguinalis‚
699 1418 819 1454 quam
889 1405 1051 1454 quidam
1121 1407 1381 1454 argemonion

205 1463 361 1500 vocant,
380 1460 527 1506 passim
545 1461 585 1493 in
604 1459 790 1506 vepribus
810 1471 977 1495 nascens
996 1464 1041 1495 ut
1060 1461 1185 1507 prosit
1202 1460 1242 1494 in
1261 1471 1381 1494 manu

204 1516 365 1546 tantum
382 1510 570 1547 habenda
589 1517 661 1548 est.

256 1583 265 1600 ¹
291 1584 478 1622 scamonia]
493 1584 578 1614 Ante
593 1584 733 1614 decocta
748 1584 814 1614 vult
827 1584 942 1615 addere
956 1585 990 1615 in
1005 1587 1102 1615 aceto
1115 1586 1165 1623 (ex
1179 1583 1381 1621 Dioscoride)

211 1625 371 1666 Mayhofs.
421 1626 505 1656 Ante
524 1637 602 1657 cum
619 1637 681 1657 om.
701 1630 735 1657 et
753 1626 836 1666 ταῖς.

253 1669 265 1687 ²
289 1669 347 1699 sed
364 1679 403 1699 ea
420 1670 455 1699 in
472 1669 648 1709 Detlefsen,
666 1669 842 1709 fllayhoff:
874 1669 932 1700 sed
949 1679 1024 1700 eam
1041 1669 1146 1700 VRE.

252 1711 264 1729 ³
288 1711 411 1742 callum
427 1712 496 1742 iam
513 1712 688 1752 Detlefsen,
707 1712 864 1752 Mayhoff
875 1724 882 1742 :
914 1712 1120 1743 calumniam
1137 1715 1194 1743 aut
1210 1722 1272 1743 om.
1291 1711 1379 1742 codd.

253 1755 265 1773 ⁴¹
289 1764 452 1784 conversa
469 1754 644 1794 Detkfsen,
664 1754 821 1795 Mayhoff
833 1767 840 1785 z
873 1765 1071 1785 conversam
1092 1756 1190 1793 (-um)
1210 1754 1299 1785 codd.

207 1838 240 1868 D
252 1797 281 1869 :th
289 1798 363 1879 qfuis
381 1796 469 1828 codd.
488 1809 494 1827 :
529 1798 586 1837 qui
605 1797 768 1829 Gelenius.
817 1798 902 1828 Ante
919 1798 1051 1828 ieiunus
1070 1797 1144 1828 add.
1164 1798 1191 1828 si
1210 1797 1254 1828 V²
1271 1796 1380 1836 Silliq.

241 1849 255 1869 e
282 1850 297 1869 e
313 1849 379 1870 sen.

246 1941 261 1955 ⁰
283 1937 353 1968 The
370 1937 516 1968 Achilles
533 1938 671 1969 tendon.

249 1980 261 1998 ⁶
283 1980 439 2020 Mayhoff
453 1980 565 2011 would
581 1980 650 2011 add
667 1979 687 1992 ‘³
702 1981 737 2011 in
754 1979 928 2021 vinegar,”
946 1980 1126 2021 suggested
1144 1980 1189 2021 by
1206 1990 1227 2011 a
1243 1980 1381 2021 parallel

201 2032 341 2064 passage
373 2024 407 2053 in
441 2023 664 2054 Dioscorides.
712 2023 793 2054 This
826 2023 981 2054 addition
1015 2023 1126 2054 would
1158 2023 1257 2054 make
1289 2033 1381 2054 more

201 2065 337 2096 natural
357 2065 415 2096 the
437 2070 464 2096 et
485 2065 598 2096 before
618 2076 701 2097 cum.

201 2122 269 2158 332
