1459 2288
96 245 134 274 27

96 828 135 858 28

370 137 561 174 PLINY:
609 137 870 174 NATURAL
908 137 1143 175 HISTORY

214 239 344 275 XVII.
373 238 580 288 Sphagnos
619 242 699 275 sive
739 239 903 288 sphacos
942 242 1022 276 sive
1061 240 1187 289 bryon
1226 246 1268 276 et
1306 243 1345 276 in

163 292 305 335 Gallia,
337 298 382 328 ut
413 293 684 335 indicavimus,
715 295 903 336 nascitur,
933 293 1057 329 vulvis
1088 294 1345 330 insidentium

164 346 283 388 utilis,
315 348 412 382 item
444 346 612 395 genibus
645 351 686 382 et
717 345 911 382 feminum
942 347 1164 383 tumoribus
1194 349 1344 383 mixtus

163 401 359 435 nasturtio
381 405 422 435 et
443 411 570 447 aquae
592 399 717 435 salsae
739 402 869 435 tritus.
924 412 1014 435 cum
1034 402 1125 436 vino
1146 405 1282 436 autem
1304 405 1346 436 et

164 454 293 488 resina
322 455 423 488 sicca
453 458 570 501 potus
601 455 755 488 urinam
786 452 899 501 pellit
929 452 1146 489 celerrime.
1202 452 1344 502 hydro-

165 507 270 554 picos
291 507 417 541 inanit
437 518 527 542 cum
547 508 637 542 vino
658 511 700 541 et
719 507 907 554 iuniperis
928 508 1046 542 tritus
1067 519 1111 542 ac
1131 511 1262 554 potus.

213 558 365 594 XVIII.
394 558 625 595 Terebinthi
670 557 763 594 folia
807 564 848 595 et
890 559 1002 595 radix
1046 558 1345 595 collectionibus

164 614 418 659 inponuntur.
473 612 684 648 decoctum
728 625 864 648 eorum
907 611 1157 648 stomachum
1200 611 1343 648 firmat.

163 677 299 701 semen
334 667 372 700 in
407 667 547 714 capitis
582 665 716 701 dolore
750 665 901 701 bibitur
933 667 973 701 in
1007 667 1098 701 vino
1133 670 1175 701 et
1208 671 1346 702 contra

161 717 436 754 difficultatem
452 721 603 761 urinae,
619 724 801 755 ventrem
816 718 960 755 leniter
977 718 1141 762 emollit,
1157 731 1344 755 venerem

163 773 326 807 excitat.

213 823 324 860 XIX.
355 822 496 860 Piceae
514 830 555 861 et
572 824 697 860 laricis
715 823 807 861 folia
823 827 920 861 trita
936 830 978 861 et
994 827 1033 861 in
1050 830 1164 861 aceto
1180 824 1347 861 decocta

162 876 343 913 dentium
391 877 513 914 dolori
562 884 740 926 prosunt,
783 877 973 926 prodestl
1020 880 1116 914 cinis
1154 880 1345 914 corticum

164 933 404 980 intertrigini
429 936 471 967 et
494 931 699 967 ambustis.
754 937 872 979 potus
896 930 1027 967 alvum
1050 933 1168 973 sistit,
1191 933 1344 966 urinam

162 990 310 1027 movet,
329 984 462 1020 suffitu
491 984 626 1020 vulvas
653 986 826 1033 corrigit.
882 987 1019 1033 piceae
1038 983 1131 1020 folia
1160 986 1344 1033 privatim

164 1039 323 1073 iocineri
346 1037 459 1073 utilia
481 1043 574 1074 sunt
596 1037 809 1074 drachmae
832 1037 1008 1086 pondere
1031 1040 1071 1073 in
1094 1050 1197 1086 aqua
1218 1037 1346 1073 mulsa

164 1096 269 1138 pota.
325 1090 440 1126 silvas
479 1103 545 1127 eas
583 1090 797 1127 dumtaxat
834 1104 937 1139 quae
974 1093 1070 1139 picis
1108 1093 1343 1139 resinaeque

162 1146 291 1193 gratia
326 1143 518 1180 radantur
550 1144 777 1180 utilissimas
813 1157 899 1180 esse
933 1143 1138 1192 phthisicis
1173 1149 1244 1180 aut
1278 1146 1345 1193 qui

165 1196 283 1246 longa
305 1197 556 1246 aegritudine
578 1211 657 1233 non
678 1197 912 1246 recolligant
933 1199 1034 1233 vires
1057 1199 1152 1233 satis
1174 1202 1344 1239 constat,

164 1256 205 1286 et
245 1250 353 1286 illum
394 1250 491 1286 caeli
533 1263 625 1286 aera
664 1250 751 1300 plus
791 1253 848 1287 ita
888 1263 1008 1299 quam
1048 1252 1343 1300 navigationem

165 1303 407 1352 Aegyptiam
434 1303 638 1352 proficere,
664 1304 752 1353 plus
779 1317 898 1353 quam
925 1303 1037 1340 lactis
1063 1303 1248 1340 herbidos
1274 1316 1346 1352 per

162 1359 357 1393 montium
378 1360 529 1393 aestiva
546 1363 677 1405 potus.

214 1409 301 1446 XX.
331 1409 615 1460 Chamaepitys
655 1410 798 1447 Latine
838 1410 955 1459 abiga
992 1415 1154 1446 vocatur
1182 1415 1346 1458 propter

163 1463 338 1506 abortus,
367 1464 417 1499 ab
446 1463 529 1500 aliis
558 1470 622 1500 tus
650 1469 796 1506 terrae,
824 1463 1062 1500 cubitalibus
1090 1465 1222 1506 ramis,
1249 1462 1344 1499 flore

164 1518 277 1565 pinus
316 1522 357 1552 et
394 1516 527 1553 odore.
583 1517 709 1553 altera
745 1517 901 1553 brevior
939 1522 981 1553 et
1017 1519 1191 1559 incurva,
1218 1514 1344 1563 <foliis

217 1610 227 1627 ¹
252 1613 406 1649 prosunt,
424 1609 563 1650 prodest
584 1609 772 1650 Detlcfsen:
796 1609 936 1649 prodest
957 1608 1045 1640 codd.
1063 1620 1070 1639 t
1094 1612 1238 1649 prosunt
1259 1607 1342 1647 vulq.

169 1651 245 1682 Post
271 1653 355 1682 trita
381 1652 533 1683 lacunam
559 1652 659 1683 indic.
685 1652 908 1683 Dioscoridem
932 1651 1032 1683 secuti
1057 1651 1146 1687 Ian„
1180 1651 1343 1691 Mayhoff,

169 1694 214 1724 sic
222 1695 290 1734 fere
306 1695 498 1733 explendam
512 1707 518 1725 :
541 1695 869 1726 inflammationibus
881 1695 1071 1731 medentur,
1085 1695 1180 1726 trita.
1213 1693 1277 1725 Sed
1289 1694 1344 1725 lwc

172 1737 236 1768 loco
252 1748 317 1768 uon
335 1738 380 1769 ila
397 1737 522 1769 similes
539 1743 615 1769 sunt
631 1737 768 1769 Plinius
784 1743 812 1769 et
827 1737 1043 1769 Dioscorides.

211 1871 224 1928 Z
246 1866 411 1940 {Kaikila
425 1868 661 1940 lslggdifficult
681 1909 773 1941 word
795 1911 828 1940 in
850 1909 964 1950 Pliny.
1012 1909 1158 1950 Usually
1179 1907 1346 1946 rendered

169 1951 428 2026 gkisggciiilllyss’
462 1953 489 1984 it
516 1953 611 1984 often
641 1956 795 1993 suggests
823 1953 902 1983 that
929 1952 988 1983 the
1017 1952 1116 1983 other
1143 1951 1260 1994 things
1285 1960 1344 1982 are

169 2077 211 2107 24
