1459 2288
98 560 139 591 30

97 1039 135 1068 31

370 134 565 172 PLINY:
612 134 874 171 NATURAL
910 134 1142 171 HISTORY

167 239 300 286 aizoo>
315 234 330 258 1
355 237 502 273 similis.
557 239 679 273 tertia
699 236 841 273 eodem
861 236 982 273 odore
1007 241 1049 272 et
1073 236 1163 272 ideo
1188 239 1347 272 nomine

164 303 336 339 quoque,
379 289 555 339 parvula,
598 289 789 326 cauliculo
831 289 1000 339 digitali,
1043 288 1143 325 foliis
1186 289 1346 332 scabris,

167 344 348 386 exilibus,
371 343 482 386 albis,
526 346 564 379 in
586 345 710 392 petris
733 356 912 386 nascens,
934 355 1071 379 omnes
1093 342 1255 386 herbae,
1278 341 1348 378 sed

166 402 329 445 propter
347 398 626 445 cognationem
656 399 823 432 nominis
845 409 923 432 non
943 394 1199 432 differendae.
1261 408 1349 444 pro-

166 455 258 486 sunt
283 449 469 485 adversus
493 452 742 498 scorpionum
766 452 881 492 ictus,
905 452 1003 485 item
1027 450 1187 485 iocineri
1211 447 1348 484 inlitae

166 516 255 538 cum
272 502 412 551 palmis
429 508 499 538 aut
512 505 688 539 cotoneis
704 515 712 545 ;
737 503 896 539 renibus
911 508 953 539 et
968 504 1122 538 vesicae
1138 501 1348 538 decoctum

166 569 302 592 earum
329 569 418 592 cum
446 555 573 592 farina
601 555 834 592 hordeacea.
889 556 1027 592 morbo
1054 568 1212 604 quoque
1239 557 1349 604 regio

166 615 207 645 et
233 612 370 645 urinae
396 609 694 645 difficultatibus
722 623 770 645 ex
798 622 901 658 aqua
926 609 1116 645 decoctae
1142 608 1346 644 bibuntur.

165 664 375 698 novissima
406 668 545 698 contra
575 669 782 711 serpentes
812 662 918 698 valet
947 675 1036 698 cum
1066 661 1197 704 melle,
1221 663 1274 697 sic
1305 667 1347 697 et

166 715 350 763 adpositu
368 715 502 751 vulvas
520 722 678 765 purgat.
734 718 968 765 sanguinem
986 715 1199 751 densatum
1218 720 1348 751 extra-

165 767 225 804 hit
261 774 368 816 pota.
424 768 586 805 sudores
624 768 720 805 facit
756 771 959 817 perunctis
997 781 1058 811 ea,
1094 767 1349 817 peculiariter

164 822 324 857 renibus
346 821 465 858 utilis.
521 821 622 858 fiunt
644 835 692 858 ex
715 835 762 858 ea
784 828 826 858 et
846 821 1070 871 hydropicis
1091 821 1236 870 pilulae
1258 834 1348 857 cum

166 875 237 911 fico
266 875 397 911 alvum
416 874 636 911 trahentes.
692 875 917 911 lumborum
946 874 1123 911 dolorem
1152 876 1347 910 victoriati

165 928 340 976 pondere
370 931 408 963 in
437 931 527 964 vino
557 927 643 964 finit
673 934 714 964 et
742 930 883 964 tussim
910 934 1127 964 recentem.
1172 933 1348 964 mortuos

165 987 302 1029 partus
322 994 370 1017 ex
391 987 505 1017 aceto
523 987 636 1017 cocta
656 987 697 1018 et
715 987 810 1029 pota
831 984 958 1018 eicere
976 983 1156 1030 protinus
1175 980 1330 1017 dicitur.

219 1034 329 1070 XXI.
360 1034 459 1070 Cum
502 1034 650 1071 honore
695 1041 736 1071 et
778 1038 939 1084 pityusa
980 1034 1095 1070 simili
1137 1034 1188 1070 de
1230 1047 1348 1070 causa

165 1087 333 1130 dicetur,
354 1101 473 1136 quam
493 1088 655 1136 quidam
675 1090 713 1124 in
733 1088 935 1138 tithymali
953 1100 1101 1137 genere
1120 1093 1345 1123 numerant.

165 1140 298 1177 frutex
316 1146 376 1177 est
395 1141 529 1177 similis
548 1144 700 1190 piceae,
718 1140 813 1178 flore
832 1154 953 1190 parvo
971 1153 1183 1190 purpureo.
1226 1139 1347 1176 bilem

166 1200 206 1230 et
223 1197 410 1243 pituitam
427 1207 498 1242 per
515 1194 645 1230 alvum
662 1193 839 1231 detrahit
860 1195 971 1230 radix
989 1194 1142 1230 decocti
1158 1193 1172 1215 ²
1188 1193 1348 1230 hemina

165 1253 234 1283 aut
254 1250 412 1283 seminis
432 1247 581 1296 lingula
600 1250 639 1283 in
658 1247 822 1284 balanis.
878 1247 971 1284 folia
990 1250 1028 1283 in
1049 1253 1163 1284 aceto
1182 1247 1346 1283 decocta

164 1299 334 1337 furfures
375 1303 475 1336 cutis
517 1301 748 1345 emendant,
788 1314 981 1337 mammas
1022 1313 1181 1349 quoque
1220 1302 1347 1336 mixto

166 1359 276 1389 rutae
305 1354 470 1390 decocto
498 1360 540 1390 et
566 1357 738 1391 tormina
766 1360 807 1390 et
835 1356 1080 1403 serpentium
1108 1356 1210 1390 ictus
1238 1359 1280 1389 et
1307 1356 1346 1389 in

166 1412 293 1443 totum
312 1407 563 1444 collectiones
584 1410 830 1457 incipientes.

213 1484 223 1502 ¹
248 1484 399 1519 incurva,
419 1483 532 1523 <foliis
550 1484 668 1523 aizoo>
690 1496 728 1515 ex
746 1484 937 1515 Dioscorida
956 1483 1042 1514 coni.
1061 1483 1223 1524 Mmstzoff,
1240 1484 1294 1514 sed
1311 1483 1347 1514 in

183 1531 253 1557 extu
273 1526 426 1557 lacunam
444 1526 586 1558 indicat:
616 1528 778 1557 incurvae
795 1528 835 1565 E(
851 1530 879 1567 ?)
897 1526 980 1567 vulq.
999 1539 1005 1557 :
1035 1527 1176 1557 incurva
1195 1526 1293 1557 VdX.

211 1570 222 1588 ²
247 1570 389 1600 decocta
400 1569 447 1601 vel
459 1570 597 1601 decocta
610 1570 658 1601 vel
670 1570 793 1601 radicis
806 1571 966 1601 decoctae
976 1570 1062 1601 com'.
1082 1570 1316 1608 Ii'armz'nqton.

209 1673 222 1687 ‘²
245 1669 315 1699 The
337 1670 523 1700 correction
544 1669 583 1700 of
599 1669 753 1710 Mayhoff
774 1669 890 1700 makes
911 1669 1000 1710 good
1020 1680 1126 1705 sense,
1148 1669 1218 1699 and
1239 1679 1343 1699 corre-

165 1712 272 1752 ponds
289 1716 326 1742 to
345 1712 560 1743 Dioscorides
577 1712 642 1743 III.
659 1714 718 1744 158
733 1712 953 1753 (Wellmann)
967 1725 973 1742 :
997 1713 1099 1752 φύλλα
1115 1711 1150 1743 δὲ
1168 1712 1233 1753 ἔχει
1249 1711 1343 1751 ὅμοια

164 1754 299 1795 ἀειζῴῳ.
348 1755 417 1786 But
430 1756 458 1786 it
471 1756 499 1786 is
514 1766 595 1796 very
610 1756 829 1795 conjectural.
868 1755 939 1786 The
954 1755 1091 1796 vulgate
1109 1755 1262 1785 incurvae
1284 1754 1345 1785 has

162 1797 249 1828 little
271 1797 338 1828 MS.
357 1803 510 1838 support,
528 1798 596 1829 and
620 1799 773 1829 inem-vae
796 1798 918 1829 similis
936 1798 970 1837 (“
985 1798 1053 1829 like
1076 1808 1140 1829 one
1165 1798 1246 1828 bent
1263 1797 1296 1838 '’)
1314 1798 1342 1828 is

164 1851 207 1871 an
225 1840 292 1870 odd
309 1840 441 1880 phrase.

211 1883 222 1902 b
246 1883 300 1913 All
322 1883 417 1914 three
439 1894 496 1914 are
519 1883 639 1924 planis,
660 1884 742 1914 with
766 1895 786 1914 a
808 1894 908 1914 name
931 1883 1069 1914 derived
1092 1883 1180 1914 from
1203 1883 1261 1913 the
1285 1888 1344 1914 (ree

164 1939 264 1959 πίτυς.

208 1973 219 1988 ⁶
244 1969 263 1981 “
280 1968 355 1999 Sic-e
377 1968 598 2009 conylobatam
623 1993 630 2000 .
657 1993 664 2000 .
691 1993 698 2000 .
722 1969 805 2009 qnod
827 1969 864 2000 in
886 1968 1113 2009 praecipitatis
1136 1968 1343 2009 potissimum

163 2011 300 2043 evenit.'’
348 2011 469 2050 (Didot
487 2012 615 2042 edition
634 2012 721 2043 from
741 2012 945 2051 Hardouin.)

170 2065 214 2101 26
