1459 2288
81 271 121 300 22

86 1418 126 1448 24

348 162 541 199 PLINY:
588 162 850 199 NATURAL
884 161 1119 198 HISTORY

198 265 288 301 VII.
320 265 410 301 Fuit
429 265 590 313 quidem
611 270 651 300 et
668 263 731 300 hic
750 264 950 313 quondam
969 264 1141 300 ambitus
1159 265 1323 300 nomini-

148 330 221 366 bus
248 332 326 365 suis
354 342 419 365 eas
447 328 678 377 adoptandi,
706 333 750 364 ut
776 328 1004 364 docebimus
1031 326 1170 364 fecisse
1196 340 1322 377 reges.

149 398 264 429 tanta
291 405 352 428 res
381 392 590 429 videbatur
617 391 782 427 herbam
810 394 999 435 invenire,
1028 394 1149 427 vitam
1178 393 1324 433 iuvare,

148 470 252 493 nunc
281 455 455 493 fortassis
485 455 623 504 aliquis
652 469 786 491 curam
814 454 915 491 hanc
943 461 1118 491 nostram
1147 454 1325 490 frivolam

149 533 308 569 quoque
341 522 647 561 existimaturis3
694 519 793 555 adeo
825 518 973 555 deliciis
1007 519 1169 555 sordent
1203 520 1324 554 etiam

149 597 252 633 quae
272 584 322 619 ad
341 583 511 620 salutem
531 585 746 632 pertinent.
803 588 982 618 auctores
1002 588 1139 618 tamen
1159 595 1324 630 quarum

149 650 405 684 inveniuntur
424 650 464 683 in
485 649 619 696 primis
640 647 830 683 celebrari
851 659 922 695 par
943 652 1003 682 est
1025 645 1168 682 effectu
1190 658 1325 681 earum

150 712 307 761 digesto
331 714 370 747 in
395 724 543 760 genera
569 711 806 746 morborum.
862 723 939 758 qua
965 709 1126 758 quidem
1150 712 1189 745 in
1214 721 1327 758 repu-

151 778 304 811 tatione
319 777 496 811 misereri
512 777 626 811 sortis
641 773 839 810 humanae
855 773 974 816 subit,
989 779 1150 822 praeter
1164 772 1327 809 fortuita

150 852 343 888 casusque
372 844 414 875 et
441 851 544 888 quae
572 851 674 874 nova
701 840 826 874 omnis
853 837 949 873 hora
978 839 1194 886 excogitat,
1221 836 1329 873 milia

150 904 377 939 morborum
403 902 567 951 singulis
593 901 819 938 mortalium
845 901 1036 937 timenda.
1091 903 1158 949 qui
1183 902 1328 950 gravis-

151 969 237 1002 simi
273 979 321 1002 ex
356 965 415 1002 his
450 969 528 1003 sint
563 966 786 1002 discernere
821 965 1015 1001 stultitiae
1050 977 1172 1014 prope
1207 964 1328 1000 videri

152 1033 288 1080 possit,
319 1044 409 1066 cum
440 1043 532 1066 suus
563 1032 705 1078 cuique
737 1042 781 1065 ac
812 1041 998 1078 praesens
1030 1031 1196 1077 quisque
1227 1033 1329 1064 atro-

151 1097 328 1130 cissimus
352 1094 546 1130 videatur.
602 1099 643 1129 et
666 1093 716 1130 de
739 1092 813 1129 hoc
836 1098 973 1129 tamen
996 1092 1220 1129 iudicavere
1244 1094 1328 1128 aevi

152 1161 442 1207 experimenta,
471 1159 674 1207 asperrimi
703 1160 898 1193 eruciatus
928 1169 1013 1193 esse
1041 1156 1279 1192 calculorum
1308 1169 1330 1192 a

151 1221 352 1258 stillicidio
404 1225 571 1264 vesicae,
622 1223 846 1270 proximum
898 1220 1104 1263 stomachi,
1166 1221 1329 1256 tertium

153 1298 288 1322 eorum
307 1298 409 1334 quae
426 1288 466 1321 in
483 1288 614 1335 capite
632 1284 809 1327 doleant,
826 1297 905 1320 non
922 1284 972 1320 ob
990 1284 1084 1320 alios
1102 1283 1185 1320 fere
1203 1289 1330 1319 morte

153 1352 339 1385 conscita.

204 1414 239 1448 A
273 1413 434 1449 Graecis
468 1418 510 1449 et
542 1415 679 1449 noxias
712 1411 855 1448 herbas
888 1412 1181 1448 demonstratas
1213 1413 1332 1447 miror

155 1477 355 1525 equidem,
383 1490 456 1513 nec
484 1489 726 1513 venenorum
753 1481 927 1519 tantum,
955 1478 1141 1524 quoniam
1169 1487 1216 1511 ea
1242 1488 1331 1511 con-

154 1541 253 1577 ditio
291 1544 394 1577 vitae
432 1546 493 1577 est
528 1546 574 1577 ut
609 1543 708 1576 mori
744 1539 978 1589 plerumque
1015 1542 1138 1575 etiam
1173 1541 1331 1588 optimis

155 1611 291 1654 portus
327 1608 390 1648 sit,
426 1605 642 1654 tradatque
681 1603 738 1640 M.
776 1603 899 1640 Varro
935 1602 1114 1639 Servium
1150 1602 1331 1639 Clodium

154 1671 332 1718 equitem
361 1668 584 1705 Romanum
612 1667 890 1718 magnitudine
918 1666 1062 1704 doloris
1089 1669 1129 1702 in
1156 1666 1333 1716 podagra

154 1739 336 1769 coactum
361 1746 514 1769 veneno
538 1745 652 1768 crura
674 1734 907 1782 perunxisse
933 1736 975 1767 et
997 1736 1139 1780 postea
1162 1733 1331 1767 caruisse

197 1930 211 1944 ‘²
235 1927 262 1956 A
284 1936 440 1957 common
458 1925 578 1966 phrase
591 1925 625 1955 in
642 1924 742 1965 Pliny
757 1924 784 1954 is
801 1923 933 1954 nomine
948 1923 1114 1963 adoptare,
1135 1922 1154 1935 “
1170 1925 1206 1954 to
1221 1923 1298 1964 give
1313 1933 1333 1954 a

153 1979 252 2000 name
268 1973 305 1999 to
322 1979 340 1999 a
357 1968 489 2008 thing.''

200 2012 211 2030 b
236 2012 296 2043 See
311 2013 341 2051 ἐξ
357 2013 397 2042 70
412 2011 481 2042 foll.
497 2011 535 2042 of
546 2011 613 2042 this
629 2010 735 2041 Book.

158 2093 223 2128 152
