1459 2288
128 475 168 505 68

127 796 167 825 69

395 173 589 210 PLINY:
635 174 897 211 NATURAL
930 174 1166 211 HISTORY

195 291 336 314 nucem
355 290 446 313 vero
464 280 589 326 ipsam
606 279 646 313 in
664 276 790 313 mulso
808 283 877 314 aut
895 290 1009 327 passo
1028 277 1088 314 vel
1106 291 1195 314 cum
1213 280 1366 314 sesima.

194 341 317 378 trahit
330 343 518 390 pituitam
533 346 575 377 et
588 340 709 377 bilem
723 354 794 390 per
807 340 950 377 alvum.
1006 344 1080 378 oris
1095 341 1227 378 ulcera
1240 347 1369 385 sanat,

194 405 243 442 ad
263 418 398 441 nomas
418 407 492 441 oris
511 403 650 441 folium
668 418 758 441 cum
776 404 894 441 melle
914 410 1033 441 estur.

243 468 350 505 XLI.
379 468 558 505 Tertium
585 482 711 519 genus
739 468 958 518 tithymalli
985 469 1178 518 paralium
1208 475 1369 506 vocatur

193 536 273 569 sive
306 532 542 582 tithymallis
576 531 669 569 folio
701 533 886 576 rotundo,
920 533 1033 570 caule
1065 533 1240 582 palmum
1274 533 1369 577 alto,

194 600 309 633 ramis
343 597 590 640 rubentibus,
623 599 773 633 semine
807 597 910 641 albo,
944 597 1050 646 quod
1082 597 1281 647 colligitur
1311 600 1369 634 in-

193 664 365 711 cipiente
383 675 459 697 uva
477 667 519 698 et
536 663 725 697 siccatum
743 663 887 697 teritur
903 664 1152 711 sumiturque
1171 661 1368 698 acetabuli

193 739 377 762 mensura
397 725 447 762 ad
467 728 735 775 purgationes.

245 789 374 826 XLII.
404 789 600 836 Quartum
615 802 741 839 genus
757 789 1023 839 helioscopion
1036 789 1255 840 appellant,
1268 789 1369 827 foliis

194 854 439 903 porcillacae,
463 853 622 890 ramulis
649 854 846 890 stantibus
873 867 897 890 a
922 854 1054 891 radice
1081 860 1271 903 quattuor
1300 860 1369 891 aut

192 921 367 968 quinque
384 918 631 961 rubentibus,
645 917 877 967 semipedali
892 917 1120 962 altitudine,
1133 921 1214 955 suci
1229 918 1367 968 plenis.

193 982 265 1019 hoc
281 985 382 1018 circa
398 982 544 1032 oppida
559 985 733 1018 nascitur
749 984 899 1018 semine
916 982 1006 1019 albo
1022 982 1213 1019 columbis
1229 985 1369 1033 gratis-

192 1049 312 1090 sim03
346 1060 489 1083 nomen
514 1049 680 1095 accepit,
702 1049 888 1095 quoniam
915 1049 1047 1096 capita
1074 1060 1163 1083 eum
1190 1047 1272 1083 sole
1299 1049 1368 1084 cir-

193 1114 379 1161 cumagit.
436 1110 558 1147 trahit
598 1110 719 1147 bilem
761 1123 831 1160 per
871 1109 1027 1147 inferna
1067 1113 1107 1147 in
1149 1111 1368 1161 oxymelite

193 1175 356 1211 dimidio
378 1174 600 1218 acetabulo,
621 1177 744 1211 ceteri
766 1188 857 1210 usus
880 1177 947 1224 qui
968 1174 1182 1212 characiae.

244 1238 395 1275 XLIII.
425 1238 620 1284 Quintum
644 1241 884 1289 cyparittian
907 1244 1050 1275 vocant
1072 1245 1235 1288 propter
1258 1238 1367 1276 folio-

193 1317 279 1339 rum
298 1302 612 1346 similitudinem,
632 1302 743 1339 caule
762 1305 922 1352 gemino
942 1308 1011 1339 aut
1030 1303 1187 1352 triplici,
1206 1316 1368 1340 nascen-

193 1373 276 1404 tem
308 1370 347 1403 in
379 1367 678 1416 campestribus.
734 1366 874 1403 eadem
907 1369 962 1403 vis
995 1380 1097 1416 quae
1128 1367 1367 1417 helioscopio

193 1437 262 1468 aut
280 1431 494 1468 characiae.

243 1495 386 1532 XLIV.
416 1494 584 1532 Sextum
618 1494 895 1546 platyphyllon
930 1502 1085 1539 vocant,
1120 1495 1184 1532 alii
1217 1509 1368 1546 corym—

194 1560 318 1604 biten,
352 1559 417 1596 alii
450 1559 722 1610 amygdaliten
761 1573 783 1595 a
821 1559 1089 1597 similitudine.
1147 1573 1220 1597 nec
1253 1560 1367 1597 ullius

194 1623 334 1661 latiora
358 1630 451 1661 sunt
475 1622 580 1660 folia.
634 1627 759 1673 pisces
785 1630 915 1667 necat,
940 1624 1072 1661 alvum
1096 1623 1212 1661 solvit
1235 1624 1366 1661 radice

195 1688 256 1724 vel
278 1687 379 1725 foliis
402 1687 464 1724 vel
486 1701 578 1725 suco
599 1691 639 1724 in
661 1687 787 1724 mulso
809 1693 879 1724 aut
901 1701 1004 1738 aqua
1024 1687 1151 1725 mulsa
1172 1688 1366 1726 drachmis

194 1758 394 1801 quattuor.
449 1751 626 1789 detrahit
647 1753 831 1802 privatim
855 1765 988 1801 aquas.

239 1954 254 1969 ⁰
275 1951 328 1982 An
346 1950 515 1990 adjective
533 1950 690 1991 meaning
705 1962 711 1980 :
745 1948 764 1961 “
781 1949 826 1990 by
844 1950 902 1981 the
920 1949 1010 1981 sea.'’

237 1991 250 2011 ¹³
272 1994 325 2024 An
338 1993 507 2032 adjective
520 1994 677 2033 meaning
691 2004 698 2023 ε
727 1991 746 2004 “
761 1991 898 2034 looking
915 1996 951 2023 at
967 1992 1025 2023 the
1041 1992 1138 2024 sun.’'
1185 1992 1246 2024 See
1262 1992 1362 2033 infra.

237 2039 248 2053 ⁶
270 2035 336 2067 For
353 2036 511 2076 privatim
530 2045 583 2067 see
602 2038 682 2067 note
699 2045 742 2066 on
758 2035 888 2072 XXIV,
903 2036 918 2073 ἓ
933 2036 984 2066 28.

191 2120 260 2155 314
