1459 2288
411 131 605 169 PLINY:
652 131 914 168 NATURAL
948 130 1184 168 HISTORY

138 240 178 270 82
257 235 402 271 XLIX.
433 234 560 270 Cissos
605 233 838 283 erythranos
882 233 931 268 ab
975 232 1113 268 iisdem
1157 231 1382 280 appellatur

205 293 338 330 similis
356 293 543 335 hederae,
562 291 841 328 coxendicibus
861 290 967 327 utilis
988 304 1008 327 e
1028 293 1117 326 vino
1136 296 1268 339 potus,
1287 293 1384 326 item

204 352 361 395 lumbis,
386 357 502 387 tanta
526 352 562 386 vi
589 353 687 386 acini
715 355 760 386 ut
784 351 1019 399 sanguinem
1046 351 1158 385 urina
1183 348 1382 385 detrahat.

205 413 303 447 item
342 410 636 446 chamaecisson
676 408 880 457 appellant
918 407 1108 444 hederam
1148 421 1227 443 non
1268 407 1384 443 attol-

205 469 355 505 lentem
373 482 414 505 se
432 482 454 504 a
470 474 588 504 terra.
645 473 686 503 et
701 466 800 503 haec
816 472 1009 503 contunsa
1025 469 1065 502 in
1081 468 1171 502 vino
1188 465 1383 502 acetabuli

204 541 390 564 mensura
413 527 505 562 lieni
530 525 729 569 medetur,
750 524 844 562 folia
865 525 1061 561 ambustis
1082 537 1171 560 cum
1198 527 1382 574 axungia.

204 587 324 623 milax
366 598 538 635 quoque,
580 597 683 634 quae
700 584 713 606 1
756 583 1024 633 anthophoros
1066 585 1383 633 cognominatur,

206 645 504 682 similitudinem
556 643 730 679 hederae
782 642 919 686 habet,
972 642 1218 678 tenuioribus
1271 640 1383 678 foliis.

205 717 389 740 coronam
409 716 457 738 ex
478 715 525 738 ea
542 701 557 724 2
575 701 723 738 factam
741 703 867 750 inpari
886 700 1069 737 foliorum
1088 713 1254 736 numero
1273 702 1384 736 aiunt

138 769 178 799 83
205 765 344 811 capitis
361 761 559 798 doloribus
575 760 738 796 mederi.
794 759 957 808 quidam
973 759 1053 795 duo
1070 771 1219 808 genera
1234 758 1382 794 milacis

205 821 364 858 dixere:
407 818 609 856 alterum3
638 818 914 855 inmortalitati
942 817 1197 865 proximum3
1224 819 1265 852 in
1293 830 1382 853 con-

206 879 370 916 vallibus
406 881 550 928 opacis,
597 877 857 913 scandentem
894 876 1083 919 arbores‚4
1129 876 1379 912 comantibus

206 941 406 974 acinorum
430 937 640 986 corymbis,
664 941 801 972 contra
824 940 1023 971 venenata
1046 937 1177 971 omnia
1200 934 1382 970 efficacis-

205 1000 348 1033 simum
373 999 411 1032 in
436 1001 595 1031 tantum
616 1000 661 1031 ut
682 997 884 1031 acinorum
906 1007 998 1030 suco
1020 993 1238 1029 infantibus
1262 1005 1381 1042 saepe

205 1055 395 1091 instillato
407 1054 515 1090 nulla
526 1056 605 1089 sint
621 1053 636 1075 5
647 1059 788 1102 postea
799 1065 954 1089 venena
965 1055 1155 1088 nocitura.
1211 1051 1380 1088 alterum

205 1127 331 1164 genus
359 1113 466 1149 culta
494 1125 627 1148 amare
657 1118 698 1148 et
725 1114 766 1148 in
793 1111 853 1147 his
881 1114 1004 1161 gigni,
1033 1110 1175 1147 nullius
1205 1109 1379 1146 effectus.

204 1173 311 1209 illam
340 1185 424 1208 esse
451 1171 633 1207 milacem
661 1173 831 1220 priorem
858 1173 967 1206 cuius
994 1169 1145 1219 lignum
1180 1169 1229 1205 ad
1268 1181 1382 1205 aures

139 1238 179 1267 84
206 1244 345 1268 sonare
397 1230 580 1267 diximus.
636 1229 803 1265 similem
854 1228 945 1265 huic
997 1228 1116 1277 aliqui
1168 1227 1381 1264 clematida

206 1289 522 1339 appellaverunt,
557 1293 766 1337 repentem
802 1301 873 1337 per
907 1288 1079 1329 arbores,
1113 1286 1381 1336 geniculatam

206 1355 248 1385 et
274 1351 412 1397 ipsam.
468 1347 562 1384 folia
591 1350 673 1383 eius
700 1346 829 1396 lepras
857 1351 1053 1396 purgant3
1088 1358 1224 1381 semen
1252 1344 1383 1381 alvum

205 1407 320 1444 solvit
345 1406 542 1442 acetabuli
566 1418 753 1442 mensura
776 1407 815 1441 in
841 1417 968 1454 aquae
993 1404 1155 1440 hemina
1181 1409 1251 1440 aut
1276 1416 1381 1453 aqua

205 1465 342 1502 mulsa.
398 1465 516 1501 datur
536 1478 584 1501 ex
606 1464 748 1500 eadem
768 1477 886 1500 causa
907 1469 948 1499 et
967 1463 1179 1500 decoctum
1201 1465 1295 1498 eius.

258 1560 270 1578 1
295 1569 381 1599 quae
399 1559 572 1599 Mayhoff:
605 1559 661 1598 qui
677 1562 734 1588 aut
750 1559 832 1598 quia
847 1562 904 1588 aut
922 1558 979 1597 qui
996 1561 1031 1588 et
1047 1556 1134 1588 codd.

256 1602 268 1620 ²
291 1612 331 1632 ea
350 1601 522 1642 Mayhosf:
553 1611 594 1632 eo
610 1601 698 1632 codd.

255 1645 268 1663 ³
291 1646 437 1675 alterum
463 1668 605 1675 .....
631 1644 839 1684 proximum]
855 1643 1000 1673 alteram
1028 1666 1169 1674 .....
1195 1644 1385 1683 proximam

216 1688 378 1727 Maestzoff.

254 1731 266 1749 ¹¹
289 1730 425 1760 arbores
450 1729 649 1760 Hermolaus
671 1729 862 1759 Barbarus:
901 1727 1060 1758 arborum
1081 1726 1194 1758 codd:
1231 1726 1383 1757 arborem

211 1773 295 1804 coni.
318 1772 480 1812 Mayhoff.
528 1772 619 1802 Inter
638 1771 797 1802 arborum
815 1774 843 1801 et
863 1770 1078 1801 comantibus
1099 1769 1254 1800 lacunam
1273 1769 1384 1800 statuit

213 1815 353 1851 Urlichs,
370 1825 462 1854 quem
475 1815 618 1854 sequitur
632 1813 804 1854 Detlefsen.

258 1859 270 1876 ⁵
295 1858 563 1890 efficacissimum
584 1858 619 1888 in
640 1861 779 1888 tantum
816 1860 854 1887 ut
879 1880 1089 1888 .......
1126 1855 1220 1886 nulla
1242 1856 1311 1886 sint
1327 1859 1383 1886 etc.

213 1913 267 1941 eqo
300 1900 442 1932 conicio:
478 1901 700 1931 efficacissimi
726 1899 798 1930 sine
824 1903 864 1930 ut
889 1904 918 1930 et
942 1899 1012 1929 sint
1039 1908 1111 1929 cum
1138 1898 1239 1935 codd„
1266 1898 1382 1939 Detlef-

210 1956 266 1976 sen
283 1957 288 1974 :
315 1948 353 1974 ut
376 1948 404 1974 et
427 1946 512 1983 (post
532 1944 700 1982 nocitura)
724 1943 794 1973 sint
814 1941 896 1982 ναῖς).
914 1954 921 1972 z
955 1941 1185 1973 efficacissime
1205 1942 1381 1971 iuvantem

200 1987 362 2027 Maylzoff,
380 1986 436 2026 qui
452 1991 522 2026 pos!
538 1996 618 2016 suco
635 1985 708 2016 dist.
726 1990 754 2016 et
771 1986 896 2025 quippe
913 1995 971 2024 pro
987 1994 1087 2025 saepe
1103 1983 1186 2015 coni.

208 2049 252 2084 62
