1459 2288
172 495 394 545 PLINII
450 494 858 545 NATURALIS
911 491 1313 543 HISTORIAE

552 649 756 695 LIBER
807 648 972 694 XXIV

225 765 255 801 Ι.
286 764 346 800 NE
381 765 501 801 silvae
531 765 693 813 quidem
728 763 999 813 horridiorque
1035 769 1202 800 naturae
1233 763 1352 799 facies

176 818 377 854 medicinis
407 824 557 861 carent,
588 831 697 854 sacra
726 817 791 854 illa
820 823 988 866 parente
1018 829 1148 853 rerum
1178 819 1353 853 omnium

174 884 368 920 nusquam
395 885 472 907 non
500 870 675 907 remedia
702 870 940 920 disponente
968 870 1130 913 homini,
1157 875 1202 906 ut
1231 869 1353 906 medi-

173 921 288 961 cina1
320 924 433 961 fieret
464 927 585 960 etiam
613 924 783 960 solitudo
811 927 908 973 ipsa,
936 923 1015 959 ad2
1041 921 1227 972 singula³
1254 922 1354 959 illius

173 977 390 1014 discordiae
417 984 538 1027 atque
564 977 795 1014 concordiae
821 977 1017 1013 miraculis
1043 976 1351 1015 occursantibus.

174 1044 340 1081 quercus
362 1037 402 1067 et
422 1030 509 1068 olea
529 1037 612 1067 tam
632 1033 823 1080 pertinaci
845 1030 934 1067 odio
953 1030 1146 1067 dissident
1165 1035 1211 1066 ut
1230 1029 1355 1066 altera

172 1088 211 1120 in
239 1084 400 1120 alterius
427 1084 562 1120 scrobe
589 1084 758 1133 depacta
786 1086 1042 1125 emoriantur,
1069 1096 1236 1132 quercus
1263 1096 1354 1120 vero

173 1143 214 1174 et
239 1140 352 1174 iuxta
377 1151 519 1174 nucem
544 1137 785 1187 iuglandem.
841 1136 1067 1186 pernicialia
1093 1142 1135 1173 et
1158 1136 1354 1173 brassicae

171 1204 262 1227 cum
282 1194 362 1227 vite
382 1191 485 1234 odia,
505 1194 634 1239 ipsum
654 1191 737 1227 olus
757 1204 835 1239 quo
855 1193 944 1226 vitis
964 1188 1127 1240 fugatur
1146 1189 1353 1226 adversum

172 1244 390 1294 cyclamino
409 1250 449 1281 et
468 1247 629 1293 origano
649 1247 802 1280 arescit.
859 1246 953 1292 quin
972 1249 1013 1279 et
1032 1256 1198 1280 annosas
1216 1245 1294 1279 iam
1313 1249 1355 1280 et

173 1311 274 1347 quae
317 1303 547 1334 sternantur
588 1298 747 1333 arbores
789 1296 979 1333 difficilius
1021 1296 1147 1339 caedi,
1189 1296 1354 1332 celerius

171 1364 414 1387 marcescere
449 1350 628 1393 tradunt,
658 1353 687 1387 si
723 1353 828 1399 prius
859 1364 977 1386 manu
1008 1363 1127 1398 quam
1163 1347 1266 1386 ferro
1296 1355 1353 1386 at—

173 1407 391 1453 tingantur.
447 1417 652 1453 pomorum
674 1417 794 1440 onera
815 1406 994 1440 iumenta
1015 1405 1151 1439 statim
1173 1405 1320 1439 sentire
1338 1402 1352 1425 4

134 1248 152 1277 ¹0

231 1498 237 1513 ¹
262 1497 428 1527 medicina
448 1497 535 1531 de,
550 1497 705 1536 Mayhoff
718 1509 723 1526 z
755 1496 943 1527 medicinae
960 1495 1133 1537 Detlefsen.

224 1539 235 1557 ²
259 1541 343 1580 ipsa,
367 1540 410 1570 ad
438 1550 512 1578 eqo:
551 1541 635 1580 ipsa,
658 1545 692 1570 et
716 1540 760 1570 ad
784 1539 959 1579 Jlayhoff:
998 1539 1082 1579 ipsa,
1109 1538 1166 1570 sed
1191 1538 1236 1569 ad
1258 1539 1354 1570 multi

182 1583 268 1613 world.
318 1584 466 1613 forms-se
484 1583 541 1613 sed
560 1593 616 1622 per
632 1581 887 1623 dittoqmphiam
903 1586 948 1612 est
964 1586 1078 1613 ortum.

222 1628 234 1645 ³
259 1626 389 1666 singula
401 1625 573 1666 Dellefsen,
587 1625 760 1665 ,llayhoffz
778 1624 939 1665 singulas,
951 1625 1018 1656 cod.
1031 1636 1070 1656 a:
1092 1624 1205 1664 stgula
1216 1625 1279 1656 V1:
1301 1629 1354 1656 est

178 1668 255 1708 gula
275 1669 328 1699 ΥΞ.
376 1669 466 1698 Num
488 1668 562 1699 latet
579 1668 774 1708 singulariis
792 1667 840 1698 vel
856 1667 1085 1708 singularibus
1103 1667 1175 1698 sine
1193 1667 1262 1698 ad?

222 1712 234 1730 *¹
259 1712 411 1741 iumenta
425 1712 546 1742 statim
560 1712 684 1742 sentire
696 1711 764 1743 cod.
779 1721 810 1747 a,
824 1709 1004 1752 Dellefsen:
1027 1721 1047 1741 a
1060 1711 1221 1741 iumentis
1232 1711 1352 1741 statim

180 1755 296 1784 sentiri
315 1754 401 1790 de,
423 1755 583 1794 Jlaylmff.

219 1922 231 1936 ‘¹
255 1918 325 1949 The
345 1923 440 1949 tense
457 1918 496 1949 of
504 1919 598 1958 fieret
616 1918 726 1949 shows
745 1917 824 1949 that
843 1918 902 1949 the
918 1917 1097 1959 participle
1117 1918 1308 1959 disponente
1326 1919 1354 1949 is

175 1961 361 2002 imperfect,
374 1961 535 2002 referring
550 1965 586 1992 to
601 1961 660 1992 the
675 1962 758 1992 time
772 1961 812 1992 of
821 1961 880 1992 the
895 1961 1011 1992 actual
1025 1962 1187 1992 ereation.
1234 1961 1305 1993 The
1319 1966 1353 1992 ut

175 2004 283 2045 might
301 2004 341 2034 be
357 2004 438 2034 final
454 2016 460 2034 :
487 2005 506 2016 ‘⁶
522 2004 574 2035 for
588 2004 647 2035 the
663 2015 745 2045 very
761 2004 873 2035 desert
887 2008 924 2035 to
941 2004 1078 2035 become
1093 2015 1111 2035 a
1128 2004 1214 2045 drug
1227 2003 1353 2036 εισι-εἶ’

177 2077 195 2100 2
