1459 2288
145 679 184 709 83

146 1160 185 1189 84

408 145 605 182 PLINY:
651 144 916 182 NATURAL
949 144 1186 183 HISTORY

211 247 388 284 caulibus
405 249 472 296 qui
489 252 531 283 et
546 246 792 283 manduntur
807 246 974 282 decocti.
1022 246 1186 295 quidam
1201 245 1364 283 calchan
1375 246 1390 270 1

211 306 366 337 vocant.
420 300 519 336 haec
539 313 629 335 cum
649 312 739 336 cera
759 305 1004 336 steatomata
1023 299 1197 336 discutit.

263 353 415 389 XLIII.
447 353 643 389 Invenere
692 352 836 389 herbas
885 358 927 389 et
975 355 1184 389 universae
1232 358 1390 402 gentes,

212 406 376 456 Scythia
408 409 578 455 primam
613 419 702 442 eam
737 419 839 455 quae
873 405 1052 456 scythice
1082 411 1260 449 vocatur,
1290 408 1392 442 circa

214 460 411 496 Maeotim
439 472 618 502 nascens,
647 459 905 508 praedulcem
934 458 1030 495 alias
1058 458 1392 508 utilissimamque

213 513 263 550 ad
296 526 344 549 ea
376 525 479 562 quae
511 512 715 549 asthmata
743 518 899 548 vocant.
954 525 1101 562 magna
1133 518 1176 549 et
1208 525 1257 549 ea
1287 525 1392 549 com—

213 566 432 609 mendatio,
455 565 562 615 quod
582 568 622 602 in
644 578 711 602 ore
742 578 831 602 eam
860 565 1057 602 habentes
1087 568 1195 602 sitim
1224 564 1391 602 famem-

213 633 290 669 que
311 633 391 656 non
412 622 605 656 sentiunt.

259 672 404 709 XLIV.
435 672 549 709 Idem
574 677 756 721 praestat
782 672 889 721 apud
914 671 1078 709 eosdem
1102 671 1287 721 hippace,
1313 672 1391 708 dis-

212 729 354 769 tincta,
397 726 503 775 quod
545 728 585 761 in
629 728 741 774 equis
784 738 944 774 quoque
987 725 1161 762 eundem
1204 724 1392 762 effectum

212 779 375 822 habeat,
395 779 643 828 traduntque
664 778 724 815 his
744 778 899 815 duabus
920 778 1053 815 herbis
1079 778 1248 828 Scythas
1270 781 1393 815 etiam

212 835 251 869 in
271 832 476 869 duodenos
495 832 580 869 dies
599 832 743 868 durare
762 834 803 868 in
822 831 928 868 fame
947 834 1106 881 sitique.

262 886 384 922 XLV.
415 885 718 922 Ischaemonem
748 885 917 921 Thracia
946 887 1113 928 invenit,
1146 898 1225 934 qua
1257 883 1392 923 ferunt

213 942 452 989 sanguinem
483 941 568 975 sisti
600 952 679 975 non
712 944 853 988 aperta
883 938 1002 975 modo
1034 951 1136 975 vena
1167 938 1238 975 sed
1270 940 1393 975 etiam

212 995 401 1042 praecisa.
457 994 581 1041 serpit
601 994 642 1028 in
658 991 673 1014 ²
693 997 801 1028 terra
821 991 929 1028 milio
949 991 1101 1035 similis,
1121 990 1224 1028 foliis
1246 994 1393 1041 asperis

212 1052 255 1083 et
288 1046 544 1096 lanuginosis.
610 1044 782 1081 farcita³
816 1048 857 1081 in
894 1058 1009 1081 nares
1045 1058 1148 1094 quae
1191 1047 1231 1081 in
1275 1044 1394 1082 Italia

212 1102 400 1142 nascitur,
421 1105 463 1135 et
484 1098 627 1135 eadem
647 1098 877 1148 adalligata,
897 1101 1134 1148 sanguinem
1151 1101 1165 1121 ‘²
1183 1100 1301 1134 sistit.

264 1152 408 1189 XLVI.
438 1152 635 1188 Vettones
659 1155 699 1188 in
730 1152 923 1201 Hispania
947 1165 1035 1188 eam
1059 1165 1162 1201 quae
1191 1154 1394 1188 vettonica

212 1206 357 1243 dicitur
376 1208 416 1242 in
438 1205 582 1249 Gallia,
601 1208 642 1241 in
663 1205 781 1242 Italia
802 1211 939 1242 autem
959 1205 1168 1248 serratula,
1189 1218 1211 1241 a
1232 1204 1393 1241 Graecis

213 1265 361 1296 cestros
394 1265 463 1295 aut
495 1258 850 1308 psychrotrophon,
883 1264 978 1295 ante
1009 1264 1173 1295 cunctas
1203 1258 1394 1296 laudatis-

213 1316 323 1350 sima.
380 1315 463 1348 exit
484 1311 675 1361 anguloso
695 1312 807 1348 caule
828 1312 1054 1348 cubitorum
1073 1311 1197 1348 duum
1218 1324 1239 1348 e
1258 1311 1392 1348 radice

213 1379 404 1416 spargens
423 1364 517 1402 folia
536 1365 620 1402 fere
638 1364 805 1414 lapathi,
824 1371 990 1408 serrata,
1008 1367 1160 1401 semine
1178 1377 1391 1414 purpureo.

213 1419 307 1456 folia
345 1422 543 1456 siccantur
581 1421 621 1454 in
660 1417 829 1454 farinam
867 1418 1057 1467 plurimos
1097 1418 1147 1454 ad
1186 1431 1291 1454 usus.
1347 1417 1391 1454 fit

214 1476 350 1509 vinum
380 1485 429 1509 ex
460 1485 508 1508 ea
537 1477 579 1509 et
609 1477 768 1508 acetum
797 1471 1002 1508 stomacho
1032 1477 1074 1508 et
1102 1471 1274 1508 claritati
1303 1484 1393 1508 ocu-

262 1537 273 1556 1
298 1535 439 1567 calchan
453 1535 549 1566 mulli
563 1535 666 1572 codd„
680 1535 865 1576 Detlessen:
893 1534 1034 1566 chalcan
1048 1534 1088 1566 E.
1101 1533 1276 1575 Mayhoff:
1295 1535 1391 1566 cach-

226 1579 291 1609 lam
309 1579 510 1610 Hermolaus
525 1579 696 1609 Barbarus
713 1588 751 1608 ex
767 1578 971 1608 Dioscoride.

261 1622 273 1640 ²
297 1622 331 1652 in
349 1622 525 1661 Illaylzoff:
551 1631 568 1651 e
585 1624 642 1651 aut
659 1624 694 1651 et
710 1620 799 1651 codd.

261 1665 273 1683 ³
297 1665 419 1696 farcita
444 1669 472 1703 (e
494 1665 641 1705 parcita)
667 1674 743 1703 eqo:
781 1663 925 1694 farcitur
947 1663 999 1694 E:
1037 1663 1205 1703 parcitum
1229 1663 1282 1693 R:
1318 1672 1390 1703 par-

219 1709 323 1739 citam
342 1708 387 1738 Vl
405 1720 411 1738 :
445 1708 654 1748 parcituram
674 1707 729 1737 ΥΞ.

262 1751 275 1770 ⁴²
297 1752 384 1782 Ante
409 1751 528 1781 eadem
553 1750 587 1781 in
611 1749 699 1781 codd.
724 1750 943 1790 sanguinem;
982 1759 1035 1789 eqo
1058 1748 1257 1790 transposui.
1303 1748 1393 1780 Inter

217 1797 252 1825 et
269 1798 297 1825 et
314 1795 514 1835 sanguinem
532 1793 665 1834 supplet
683 1793 750 1824 ciet
769 1793 933 1833 Mayhoff.
980 1792 1131 1823 Distinxi
1150 1803 1214 1833 eqo.

258 1890 272 1904 ‘²
294 1886 365 1916 The
384 1886 512 1916 editors
531 1888 667 1925 suggest
687 1885 765 1915 that
784 1884 883 1925 Pliny
902 1884 963 1915 has
980 1883 1132 1924 wrongly
1150 1883 1297 1924 thought
1315 1883 1392 1914 that

215 1929 352 1969 ἱππάκη,
384 1928 606 1959 mareis-milk
641 1928 768 1965 cheese,
800 1938 868 1958 was
903 1938 923 1958 a
956 1927 1064 1967 plant.
1111 1926 1182 1957 The
1216 1926 1331 1957 cheese
1363 1926 1391 1956 is

214 1972 411 2002 mentioned
433 1971 479 2012 by
502 1972 741 2012 Hippocrates,
763 1970 854 2007 Airs‚
884 1971 1014 2007 Iratam,
1037 1969 1162 2006 Places,
1185 1969 1235 2000 eh.
1258 1968 1390 2006 XVIII,

214 2014 277 2045 but
293 2014 389 2045 there
406 2025 485 2055 may
503 2014 590 2045 have
607 2014 692 2045 been
709 2024 729 2044 a
745 2013 843 2054 plant
859 2013 898 2044 of
910 2013 968 2044 the
984 2023 1077 2044 same
1094 2023 1204 2044 name.

216 2076 281 2120 196
