1459 2288
90 353 149 382 155

88 619 148 649 156

89 992 143 1021 151

378 139 571 176 PLINY:
618 140 882 176 NATURAL
915 139 1153 177 HISTORY

177 241 277 277 facie
305 247 374 277 aut
395 244 526 290 capite
548 254 662 277 sucus
685 243 768 278 eius
788 243 828 277 in
851 254 954 290 aqua
974 241 1107 278 triduo
1128 246 1354 278 maceratae

179 300 304 330 sanat.

225 347 410 383 XCVIII.
441 346 722 383 Oenobreches
749 346 843 383 folia
868 346 986 383 lentis
1013 347 1150 391 habet,
1179 347 1355 397 longiora

175 400 306 450 paulo,
333 399 470 436 florem
494 401 722 443 rubentem,
748 400 922 437 radicem
949 403 1135 450 exiguam
1163 406 1204 437 et
1229 403 1353 450 graci-

175 454 265 490 lem.
321 456 495 490 nascitur
550 456 652 490 circa
706 452 850 490 fontes.
906 456 1052 490 siccata
1107 456 1146 490 in
1202 453 1353 490 farinae

175 507 337 543 modum
359 513 399 543 et
420 509 597 556 inspersa
617 509 706 543 vino
728 506 816 544 albo
837 509 1081 557 strangurias
1102 506 1201 550 finit,
1223 507 1354 543 alvum

175 563 289 596 sistit.
345 573 459 596 sucus
481 562 563 596 eius
584 563 785 609 perunctis
805 573 896 596 cum
916 560 1003 597 oleo
1023 560 1185 597 sudores
1206 566 1353 597 movet.

236 613 380 650 XCIX.
410 613 455 649 In
479 616 669 663 promisso
692 613 905 650 herbarum
924 613 1161 650 mirabilium
1182 616 1352 651 occurrit

175 666 307 715 aliqua
323 666 454 703 dicere
472 672 513 703 et
529 667 579 703 de
595 669 770 717 magicis.
826 680 929 716 quae
947 669 1052 703 enim
1068 667 1353 704 mirabiliores?

175 722 289 769 primi
328 733 394 756 eas
430 723 471 756 in
508 726 643 757 nostro
681 721 775 757 orbe
814 720 1065 757 celebravere
1106 719 1353 770 Pythagoras

175 779 297 822 atque
347 773 614 817 Democritus,
664 776 883 810 consectati
934 773 1089 823 Magos.
1159 776 1355 810 coracesia

175 832 217 863 et
239 826 375 863 calicia
398 825 647 877 Pythagoras
673 840 817 876 aquam
841 827 1001 877 glaciari
1026 826 1162 870 tradit,
1187 840 1354 876 quarum

175 883 420 916 mentionem
452 880 557 929 apud
589 880 685 916 alios
715 894 794 917 non
824 883 992 930 reperio,
1023 893 1096 917 nec
1127 880 1232 929 apud
1263 893 1354 916 eum

175 933 251 969 alia
270 933 319 969 de
339 933 410 969 his.

225 986 267 1023 C.
306 986 417 1023 idem
439 987 626 1036 minyada
656 986 831 1036 appellat
861 992 902 1023 et
936 989 1094 1023 nomine
1124 986 1199 1023 alio
1233 989 1354 1023 corin—

174 1039 313 1083 thiam,
345 1043 454 1076 cuius
486 1040 651 1077 decocto
682 1043 722 1076 in
754 1053 857 1089 aqua
889 1053 981 1077 suco
1012 1042 1191 1090 protinus
1224 1043 1351 1076 sanari

174 1096 274 1129 ictus
339 1096 598 1142 serpentium,
652 1096 682 1130 si
736 1092 960 1138 foveantur,
1018 1093 1124 1130 dicit.
1181 1093 1354 1130 eundem

174 1146 340 1182 effusum
354 1146 368 1169 1
387 1149 427 1182 in
445 1146 610 1183 herbam
625 1149 691 1196 qui
711 1149 879 1197 vestigio
900 1149 1141 1196 contigerint
1162 1152 1230 1183 aut
1251 1145 1354 1183 forte

176 1213 374 1248 respersos
403 1200 611 1236 insanabili
640 1200 722 1237 leto
755 1203 898 1250 perire,
927 1199 1169 1237 monstrifica
1197 1213 1354 1249 prorsus

176 1259 319 1289 natura
340 1256 482 1289 veneni
503 1259 787 1302 praeterquam
807 1259 946 1290 contra
966 1266 1132 1290 venena.

225 1306 290 1343 CI.
320 1307 384 1342 Ab
404 1306 544 1343 eodem
564 1305 793 1357 Pythagora
812 1309 968 1356 aproxis
987 1306 1212 1356 appellatur
1229 1306 1352 1343 herba

175 1362 283 1396 cuius
299 1359 410 1396 radix
428 1373 449 1396 e
466 1360 683 1410 longinquo
699 1363 895 1409 concipiat
908 1363 1020 1410 ignes
1036 1366 1082 1397 ut
1097 1359 1290 1409 naphtha,
1303 1360 1353 1396 de

178 1426 255 1462 qua
283 1416 321 1449 in
352 1419 482 1449 terrae
510 1413 706 1451 miraculis
734 1414 918 1450 diximus.
987 1413 1093 1450 idem
1124 1413 1259 1457 tradit,
1288 1416 1353 1462 qui

222 1499 233 1517 ¹
257 1498 401 1529 eundem
425 1498 571 1530 effusum
594 1499 690 1539 vulg„
715 1498 886 1539 sslaylzoff:
921 1499 1065 1530 eandem
1088 1499 1232 1530 effusam
1251 1499 1353 1535 codd„

175 1541 347 1581 Dellefsen.
395 1541 570 1582 Difficilior
588 1542 663 1573 haec
684 1541 774 1573 lectio
794 1553 859 1573 non
879 1542 993 1582 potior.

213 1669 227 1683 ‘²
251 1665 368 1701 These,
386 1665 533 1706 perhaps
552 1665 571 1677 “
586 1665 676 1706 girls’
695 1666 794 1706 plant
810 1665 828 1677 '³
847 1666 916 1696 and
935 1666 954 1678 ‘⁵
970 1666 1098 1707 beauty
1115 1665 1248 1706 plant-,”
1266 1665 1354 1696 have

168 1712 230 1738 not
265 1708 347 1738 been
381 1708 557 1739 identified
591 1709 673 1739 with
707 1719 776 1749 any
811 1709 991 1749 certainty.
1039 1708 1073 1740 It
1106 1709 1135 1739 is
1167 1709 1243 1739 said
1275 1708 1354 1739 that

170 1750 390 1790 Cissampelos
407 1751 536 1791 pareira
554 1752 647 1792 gives
664 1762 683 1781 a
700 1752 784 1782 kind
801 1752 840 1782 of
852 1753 1066 1792 consistency
1082 1755 1119 1782 to
1135 1754 1241 1782 water
1256 1750 1352 1782 with-

169 1797 229 1824 out
242 1794 424 1834 impairing
436 1795 481 1824 its
493 1798 750 1835 transparency.
783 1795 816 1824 It
829 1795 856 1825 is
869 1794 1024 1830 difficult,
1037 1794 1066 1825 if
1074 1798 1136 1825 not
1148 1794 1352 1834 impossible,

169 1840 206 1866 to
224 1836 371 1877 identify
387 1837 446 1867 the
463 1836 580 1877 plants
602 1837 801 1868 mentioned
818 1838 852 1867 in
870 1837 938 1868 this
955 1838 1085 1868 section
1102 1837 1141 1868 of
1154 1836 1254 1877 Pliny
1270 1836 1352 1867 with

168 1878 258 1909 their
287 1883 409 1919 scanty
439 1879 675 1920 descriptions,
707 1880 849 1911 fanciful
879 1890 1007 1917 names,
1039 1880 1107 1910 and
1139 1879 1158 1892 “
1173 1879 1318 1920 magical
1333 1879 1352 1891 ''

170 1925 595 1996 prgpfggtesiinreasonable
611 1969 648 1996 to
665 1976 812 2006 suppose
828 1965 907 1996 that
927 1965 986 1996 the
1001 1976 1119 1996 names
1136 1965 1268 2005 minyas
1283 1965 1350 1995 and

169 2007 329 2038 corinthia
347 2018 404 2038 are
420 2011 482 2038 not
497 2009 733 2039 unconnected
749 2008 833 2039 with
849 2008 908 2040 the
926 2008 1046 2050 legend
1063 2008 1102 2039 of
1113 2007 1173 2039 the
1187 2018 1351 2039 sorceress

177 2080 243 2104 110
