1459 2288
123 597 162 625 84

122 1156 162 1187 85

386 204 581 242 PLINY:
627 205 890 243 NATURAL
924 205 1162 243 HISTORY

187 309 255 346 in1
283 311 373 345 vino
402 315 510 358 pota,
539 311 803 358 stranguriam
835 309 1028 345 efficacius
1059 309 1197 346 addito
1225 309 1362 346 dauco.

186 379 280 415 lieni
296 391 454 428 quoque
474 378 580 415 utilis
601 378 786 415 adversus
803 384 1008 428 serpentes
1029 379 1191 423 bibitur,
1210 381 1362 416 iumen-

188 452 238 486 tis
260 462 417 498 quoque
437 451 478 485 in
498 451 644 498 pituita
665 455 735 486 aut
755 451 990 499 stranguria,
1012 449 1160 486 hordeo
1182 451 1362 499 inspersa

187 522 387 556 succurrit.

239 589 306 626 LI.
337 589 602 640 Anthyllion2
634 595 695 626 est
721 589 819 626 lenti
847 589 1047 626 simillima
1074 603 1176 639 quae
1203 592 1244 626 in
1271 592 1362 626 vino

188 666 285 710 pota
315 663 463 697 vesicas
495 663 598 697 vitiis
629 660 787 704 liberat,
819 663 1055 709 sanguinem
1088 663 1206 704 sistit,
1238 660 1365 697 altera

189 730 378 781 anthyllis
397 730 667 780 chamaepityi
681 729 696 752 ³
716 730 865 774 similis,
887 729 981 767 flore
1009 743 1222 780 purpureo,
1243 730 1363 767 odore

188 804 312 851 gravi,
333 801 465 837 radice
484 801 627 843 intubi,
646 800 709 837 vel
726 803 852 850 magis
872 800 1069 837 medetur.
1102 830 1109 837 .
1142 830 1149 837 .
1181 800 1209 837 ,4

240 871 330 908 LII.
361 871 534 920 Cepaea‚
548 870 683 907 similis
698 870 931 920 porcilacae,
946 873 1117 920 nigriore
1131 870 1278 914 radice,
1293 871 1364 907 sed

188 941 333 984 inutili,
359 954 525 977 nascens
550 944 591 977 in
616 940 797 977 litoribus
822 940 1040 984 harenosis,
1065 947 1187 990 gustu
1214 954 1360 977 amara.

189 1014 228 1048 in
273 1014 363 1048 vino
407 1024 498 1048 cum
543 1013 724 1061 asparagi
769 1010 902 1047 radice
947 1013 1102 1047 vesicae
1148 1011 1363 1060 plurimum

189 1081 363 1131 prodest.

237 1152 349 1188 LIII.
381 1151 534 1188 Eadem
548 1157 728 1201 praestat
741 1150 959 1201 hypericon
972 1151 1053 1201 (alii
1067 1150 1364 1202 chamaepstyn,

190 1222 254 1258 alii
275 1225 464 1259 corissum
485 1221 707 1271 appellant)
729 1221 910 1258 oleraceo
931 1220 1089 1265 frutice,
1110 1224 1237 1265 tenui,
1257 1222 1364 1258 eubi-

189 1291 274 1335 tali,
290 1292 476 1335 rubente,
493 1290 586 1328 folio
602 1297 732 1334 rutae,
750 1291 870 1327 odore
888 1294 980 1334 acri,
997 1293 1149 1328 semine
1165 1293 1206 1327 in
1223 1291 1365 1341 siliqua

242 1381 253 1399 ¹
276 1381 309 1410 in
336 1379 424 1410 codd.
452 1390 468 1410 r
493 1390 512 1410 a
538 1378 723 1419 Detlessen:
764 1389 781 1410 e
807 1378 895 1410 codd.
923 1379 945 1409 d
970 1389 993 1409 x
1021 1378 1184 1419 MayMff,
1212 1379 1268 1419 qui
1292 1383 1365 1419 post

196 1423 304 1453 farina
321 1432 445 1453 comma
458 1422 563 1462 ponit.

239 1465 250 1483 ²
275 1465 475 1506 Anthyllion
497 1464 579 1504 vuly.
603 1475 619 1495 e
639 1463 839 1501 Dioscoride,
863 1463 1020 1504 Illayhoff
1030 1476 1036 1495 ε
1073 1463 1283 1504 canthyllion
1305 1464 1364 1494 VE

194 1507 367 1547 Detlefsen.
415 1508 532 1538 Postea
555 1517 677 1547 quoque
701 1517 767 1537 non
791 1506 954 1547 anthyllis
978 1506 1032 1537 sed
1057 1506 1238 1548 canthyllis
1262 1506 1363 1543 codd„

195 1551 284 1581 Detle
301 1561 367 1581 sen.

240 1594 251 1612 ³
276 1551 505 1633 cfhamaepityi
526 1592 682 1632 Mayhoff
699 1592 858 1630 (Dioscor.
882 1591 937 1622 III
962 1592 1022 1623 136
1048 1591 1222 1631 (ἀνθυλλίς)
1245 1605 1360 1632 χαμαι-

199 1636 313 1687 πιτυΐη.
341 1661 346 1666 .
374 1661 379 1666 .
405 1635 490 1667 ἔοικε
512 1660 520 1688 ι
546 1660 552 1666 .
579 1660 585 1666 .
609 1636 646 1666 τὸ
659 1634 687 1666 δ’
701 1634 796 1668 ἄνθος
810 1635 1003 1675 πορφυροῦν,
1016 1635 1202 1675 βαρύοσμον
1215 1634 1362 1676 ἰσχυρῶς,

198 1679 717 1752 ριέαρυιῗςῗεξηέιείχεζζίυῑαοηηαῃι
745 1719 868 1750 indicat
897 1719 1071 1760 Mayhoff:
1113 1719 1277 1760 Detlefsen
1303 1719 1363 1750 Vel

194 1765 302 1805 magis
326 1763 482 1795 medetur
502 1767 576 1794 ante
597 1773 721 1803 cepaea
739 1762 834 1802 ponit
853 1766 974 1802 puncto
995 1762 1186 1802 anteposito.
1210 1763 1362 1794 Dioscor.

195 1807 250 1837 ΠΙ
292 1807 352 1838 136
388 1805 408 1846 ἡ
447 1806 480 1838 δὲ
517 1809 559 1846 τῇ
595 1804 788 1847 χαμαιπιτυΐ
827 1804 920 1845 ὁμοία
945 1830 951 1835 .
978 1829 984 1835 .
1012 1829 1018 1836 .
1045 1804 1097 1836 καὶ
1138 1804 1363 1847 ἐπιληπτικῶν

196 1849 346 1890 βοήθημα
367 1850 424 1881 σὺν
447 1848 608 1888 ὀξυμέλιτι
634 1848 800 1888 πινομένη,
817 1847 903 1878 unde
922 1847 1078 1888 Mayhoff
1089 1851 1185 1888 putat
1208 1820 1362 1879 excidisse

189 1892 259 1932 sere
274 1891 502 1923 comitialibus
520 1893 554 1922 in
573 1890 767 1932 oxymelite.

235 2033 249 2048 ‘²
271 2029 306 2060 It
329 2030 356 2060 is
380 2029 485 2060 easier
507 2031 544 2059 to
568 2027 691 2069 supply
714 2037 735 2057 a
758 2026 840 2058 verb
865 2026 960 2066 (such
984 2037 1020 2058 as
1043 2028 1150 2066 sanat)
1175 2030 1212 2058 to
1238 2037 1363 2068 govern

190 2072 410 2112 stranquriam
426 2071 512 2102 than
528 2071 557 2102 it
573 2071 601 2102 is
617 2074 654 2102 to
672 2069 793 2101 emend
809 2072 846 2101 to
863 2070 1067 2109 stranguriae
1083 2069 1166 2101 with
1183 2070 1346 2112 Mayhoff.

189 2134 259 2182 326
