1459 2288
88 288 131 318 45

90 661 131 691 46

90 1301 131 1330 47

357 177 554 216 PLINY:
600 179 863 216 NATURAL
897 179 1133 217 HISTORY

159 288 340 318 tenesmo
368 282 479 318 radix
508 281 759 332 nymphaeae
786 282 982 319 heracliae
1010 296 1031 319 e
1059 286 1148 319 vino
1175 283 1335 327 bibitur,

158 335 344 385 psyllium
360 338 399 371 in
416 348 533 384 aqua,
550 339 652 372 acori
668 335 808 372 radicis
825 336 1045 372 decoctum.
1101 339 1196 373 aizoi
1218 351 1332 374 sucus

158 389 290 425 alvum
312 391 417 425 sistit
439 395 480 425 et
501 388 738 438 dysinterias
761 395 803 426 et
824 392 977 426 taenias
999 389 1188 426 rotundas
1210 390 1334 440 pellit.

157 442 360 492 symphyti
388 441 500 478 radix
530 448 627 491 pota
654 445 694 478 in
724 445 814 479 vino
843 443 975 479 alvum
1004 449 1046 479 et
1074 443 1333 493 dysinteriam

156 498 274 538 sistit,
312 495 419 531 idem
452 495 578 532 dauci.
634 498 787 532 aizoum
818 494 920 532 foliis
951 499 1129 533 contritis
1164 510 1213 533 ex
1246 500 1336 534 vino

158 549 393 585 torminibus
421 551 583 592 resistit,
607 549 771 585 alcimae
798 551 924 585 siccae
951 548 1076 585 farina
1103 551 1336 587 torminibus

157 608 253 651 pota
272 615 361 638 cum
382 604 482 638 vino.

208 655 357 692 XXIX.
383 655 617 705 Astragalus
631 655 724 692 folia
737 655 859 692 habet
873 656 991 705 longa
1010 658 1186 693 incisuris
1202 657 1337 694 multis

156 708 338 758 obliquis,
379 711 481 745 circa
520 709 693 745 radicem
735 709 866 745 caules
907 715 1001 752 tres,
1044 716 1112 746 aut
1147 717 1337 759 quattuor

157 761 340 798 foliorum
378 762 530 812 plenos,
563 761 700 798 florem
734 762 951 812 hyacinthi,
982 762 1134 799 radices
1167 763 1336 807 villosas,

159 815 381 864 inplicatas,
412 816 563 859 rubras,
596 815 823 864 praeduras.
879 818 1053 852 nascitur
1082 819 1122 852 in
1155 820 1336 865 petrosis,

160 871 299 918 apricis
332 875 373 905 et
405 869 530 905 isdem
563 869 769 912 nivalibus,
802 872 903 906 sicut
935 868 1096 906 Pheneo
1128 870 1334 907 Arcadiae.

158 925 214 958 vis
244 925 279 958 ei
308 922 358 958 ad
387 922 592 971 spissanda
619 936 793 972 corpora.
849 922 980 959 alvum
1013 925 1117 959 sistit
1150 923 1263 960 radix
1296 926 1337 960 in

159 978 250 1012 vino
288 982 396 1025 pota,
435 989 513 1025 quo
551 976 596 1012 fit
633 982 678 1012 ut
716 982 875 1012 moveat
912 978 1066 1012 urinam
1104 989 1334 1026 repercusso

157 1028 323 1078 liquore,
344 1031 443 1065 sicut
464 1029 654 1078 pleraque
675 1042 778 1078 quae
799 1029 930 1066 alvum
951 1032 1108 1066 sistunt.
1163 1036 1278 1067 sanat
1294 1036 1336 1067 et

157 1082 417 1131 dysintericos
444 1085 484 1119 in
512 1085 601 1119 vino
628 1083 746 1119 rubro
772 1088 875 1125 tusa,
902 1082 1057 1119 difficile
1085 1089 1221 1120 autem
1247 1089 1338 1120 tun-

157 1135 276 1172 ditur.
333 1136 474 1172 eadem
491 1139 741 1186 gingivarum
758 1139 1033 1185 suppurationi
1050 1136 1259 1173 utilissima
1276 1143 1338 1174 est

157 1188 256 1226 fotu.
311 1189 511 1239 colligitur
549 1192 660 1226 exitu
699 1192 893 1232 autumni,
932 1203 1021 1226 cum
1060 1189 1154 1226 folia
1191 1193 1335 1233 amisit,

158 1245 328 1279 siccatur
346 1245 387 1279 in
407 1243 559 1279 umbra.

209 1296 336 1332 XXX.
366 1296 419 1333 Et
450 1296 593 1333 ladano
623 1299 776 1333 sistitur
806 1296 915 1333 alvus
947 1302 1131 1346 utroque,
1162 1298 1267 1346 quod
1299 1300 1337 1334 in

158 1350 363 1399 segetibus
394 1353 569 1386 nascitur
600 1356 765 1386 contuso
797 1356 839 1386 et
869 1351 1062 1392 cribrato;
1106 1350 1256 1387 bibitur
1287 1364 1336 1387 ex

158 1416 262 1452 aqua
295 1403 424 1440 mulsa
457 1406 556 1440 item
590 1403 712 1440 nobili
747 1416 768 1439 e
803 1406 905 1439 vino.
960 1403 1078 1440 ledon
1114 1403 1338 1453 appellatur

158 1456 283 1493 herba
312 1470 360 1493 ex
390 1470 469 1506 qua
497 1456 542 1493 fit
568 1460 609 1493 in
638 1456 769 1506 Cypro
796 1457 928 1493 barbis
957 1470 1164 1506 caprarum
1192 1457 1338 1494 adhae-

157 1523 327 1547 rescens.
382 1509 552 1547 nobilius
582 1513 622 1546 in
653 1510 813 1546 Arabia.
869 1510 914 1547 fit
944 1510 1052 1546 iam1
1084 1516 1126 1547 et
1155 1513 1195 1546 in
1225 1510 1337 1561 Syria

226 1615 238 1634 ¹
262 1615 303 1645 M
305 1614 419 1655 aylzofs
435 1615 481 1646 ita
499 1614 672 1654 distinquit
688 1627 694 1645 ε
728 1614 875 1645 nobilius
894 1615 928 1645 in
947 1614 1074 1645 Arabia
1092 1614 1142 1652 fit,
1163 1615 1240 1646 iam.

203 1793 217 1807 ‘²
241 1788 337 1819 Book
357 1788 468 1825 XXV,
488 1789 569 1826 §88.

205 1832 217 1850 ¹²
240 1831 274 1862 It
298 1833 326 1862 is
350 1830 540 1862 noticeable
563 1831 639 1861 how
664 1829 763 1871 Pliny
788 1829 963 1870 carelessly
988 1833 1122 1870 repeats
1145 1829 1282 1860 himself
1301 1830 1336 1861 in

159 1874 226 1905 this
241 1874 391 1914 chapter.
439 1874 480 1905 In
494 1874 553 1904 the
568 1873 634 1904 last
648 1877 806 1904 sentence
820 1872 1014 1903 torminibus
1029 1883 1145 1903 occurs
1159 1873 1274 1909 twice;
1301 1873 1335 1903 in

158 1917 240 1948 each
261 1917 298 1947 of
314 1917 372 1947 the
391 1920 460 1947 two
479 1916 660 1957 preceding
679 1919 853 1947 sentences
873 1926 989 1946 occurs
1009 1915 1067 1946 the
1087 1916 1207 1956 phrase
1227 1915 1336 1946 alvum

159 1961 254 1991 sistit.

202 2008 213 2021 ⁶
238 2003 385 2033 Rubrum
400 2002 525 2039 vinum,
541 2013 559 2033 a
574 2001 660 2044 light
674 2001 732 2032 red
747 2002 851 2038 wine;
880 2000 1012 2040 niqrum
1026 2000 1151 2037 vinum,
1167 2011 1186 2031 a
1203 2001 1286 2030 wine
1302 1999 1340 2034 of

158 2046 217 2077 the
232 2045 346 2076 colour
361 2045 399 2077 of
410 2048 499 2087 port.

160 2117 228 2165 298
