1459 2288
118 212 137 242 9

94 886 131 916 10

92 1255 126 1285 ll

360 105 554 143 PLINY:
600 106 864 142 NATURAL
897 106 1133 143 HISTORY

207 207 253 244 V.
283 208 416 254 Quare
444 210 566 243 ceteri
593 220 775 243 sermone
803 220 869 243 eas
896 207 1111 252 tradidere,
1139 208 1262 258 aliqui
1287 222 1338 245 ne

160 270 288 319 effigie
308 269 469 318 quidem
485 269 660 305 indicata
675 274 715 304 et
732 268 846 305 nudis
862 269 1097 318 plerumque
1113 271 1336 306 nominibus

159 330 351 373 defuncti,
374 332 561 379 quoniam
584 332 678 366 satis
701 329 911 366 videbatur
932 336 1155 379 potestates
1178 333 1336 380 vimque

158 392 432 427 demonstrare
464 404 656 440 quaerere
688 390 923 427 volentibus.
979 404 1052 427 nec
1083 397 1144 428 est
1174 392 1338 428 difficilis

158 455 358 502 cognitio:
412 453 523 489 nobis
562 458 684 495 certe,
727 454 903 501 exceptis
938 452 1152 489 admodum
1190 456 1337 502 paucis,

158 516 327 563 contigit
341 513 513 562 reliquas
529 513 790 562 contemplari
805 515 971 549 scientia
985 514 1136 550 Antoni
1151 513 1337 558 Castoris,

158 578 220 611 cui
250 588 405 611 summa
436 577 651 611 auctoritas
682 580 769 610 erat
798 577 838 610 in
868 587 916 610 ea
946 580 1031 611 arte
1061 581 1196 611 nostro
1226 588 1337 618 aevo,

158 636 320 673 visendo
343 636 502 672 hortulo
527 638 610 672 eius
633 638 673 671 in
698 649 776 685 quo
799 635 988 685 plurimas
1013 635 1147 673 alebat
1170 639 1337 673 centesi-

157 711 267 734 mum
283 711 431 733 annum
447 699 591 734 aetatis
608 697 819 740 excedens,
835 697 988 733 nullum
1004 700 1174 746 corporis
1189 697 1337 734 malum

159 764 361 808 expertus,
386 772 430 795 ac
453 772 503 795 ne
533 763 669 795 aetate
700 758 862 808 quidem
884 761 1076 794 memoria
1105 764 1174 795 aut
1203 761 1336 809 vigore

157 822 365 857 concussis,
422 833 552 869 neque
601 820 709 856 aliud
755 822 899 856 mirata
946 822 1072 870 magis
1120 822 1336 869 antiquitas

156 885 388 930 reperietur.
444 884 608 917 inventa
647 881 884 930 iampridem
918 883 1019 918 ratio
1052 887 1112 918 est
1141 895 1337 931 praenun-

157 945 260 979 tians
284 943 411 985 horas,
436 956 513 979 non
537 943 654 979 modo
677 943 761 979 dies
785 956 829 978 ac
852 948 1003 986 noctes,
1025 943 1116 980 solis
1138 943 1337 992 lunaeque

157 1004 402 1041 defectuum.
458 1004 576 1040 durat
594 1010 732 1040 tamen
749 1004 899 1040 tradita
916 1007 1118 1053 persuasio
1134 1007 1175 1040 in
1192 1018 1338 1055 magna

157 1071 271 1115 parte
293 1066 398 1115 vulgi
420 1065 618 1102 veneficiis
641 1072 681 1102 et
702 1065 834 1101 herbis
855 1065 894 1102 id
915 1068 1001 1115 cogi
1023 1078 1193 1115 eamque
1214 1079 1335 1103 unam

157 1126 395 1163 feminarum
434 1130 641 1163 scientiam
681 1127 922 1176 praevalere.
978 1133 1087 1164 certe
1126 1127 1221 1176 quid
1259 1141 1336 1165 non

156 1189 411 1238 repleverunt
433 1188 576 1225 fabulis
596 1188 749 1224 Colchis
772 1188 921 1225 Medea
937 1188 1132 1238 aliaeque,
1148 1191 1188 1225 in
1202 1191 1337 1238 primis

155 1250 259 1286 Itala
304 1250 415 1287 Circe
461 1251 520 1287 dis
568 1253 689 1286 etiam
736 1250 960 1299 adscripta?
1016 1250 1122 1287 unde
1168 1251 1337 1287 arbitror

156 1317 297 1348 natum
328 1318 373 1348 ut
404 1311 626 1361 Aeschylus
658 1325 679 1347 e
712 1314 989 1348 vetustissimis
1020 1314 1060 1347 in
1090 1314 1249 1361 poetica
1278 1325 1337 1349 re-

156 1372 302 1409 fertam
320 1373 479 1409 Italiam
496 1373 709 1409 herbarum
725 1376 908 1422 potentia
924 1373 1125 1422 proderet,
1141 1373 1337 1422 multique

156 1434 341 1478 Circeios,
363 1435 429 1471 ubi
451 1434 648 1471 habitavit
668 1434 751 1477 illa,
772 1448 918 1484 magno
940 1440 1177 1484 argumento
1199 1437 1337 1471 etiam-

156 1509 260 1532 nunc
273 1496 443 1532 durante
455 1499 494 1532 in
510 1496 666 1540 Marsis,
682 1509 704 1531 a
717 1496 796 1532 filio
810 1499 892 1533 eius
905 1501 991 1533 orta
1001 1501 1139 1546 gente,
1151 1498 1337 1545 quoniam

157 1570 242 1594 esse
273 1558 490 1594 domitores
521 1560 768 1607 serpentium
800 1563 968 1594 constat.
1026 1558 1222 1594 Homerus
1254 1560 1337 1606 qui-

198 1642 212 1656 a
236 1637 253 1668 I
282 1637 382 1668 think
410 1638 489 1668 that
517 1637 612 1668 there
640 1638 668 1668 is
696 1648 789 1669 some
818 1648 937 1668 reason
966 1637 1018 1668 for
1046 1637 1105 1668 the
1134 1637 1337 1668 diminutive

152 1680 289 1711 hortulo.
337 1681 370 1711 It
391 1691 452 1711 can
475 1680 596 1720 hardly
619 1691 718 1711 mean
737 1681 771 1711 in
793 1680 852 1711 the
871 1684 1013 1711 context
1034 1680 1156 1711 “little
1174 1681 1335 1720 garden,”

153 1723 217 1754 but
235 1734 342 1754 seems
361 1727 397 1754 to
417 1727 553 1764 suggest
572 1723 650 1754 that
669 1723 728 1754 the
746 1723 894 1754 hortulus
912 1734 981 1754 was
1000 1723 1148 1755 Castor’s
1167 1723 1337 1755 favourite

154 1766 270 1805 hobhy
289 1766 323 1804 (‘⁴
339 1766 558 1797 affectionate
577 1766 780 1797 diminutive
796 1766 842 1805 ⁷²).

200 1809 211 1828 ὓ
236 1808 270 1839 lt
296 1809 323 1839 is
350 1809 521 1849 generally
547 1810 718 1849 supposed
744 1809 822 1840 that
849 1809 949 1849 Pliny
974 1809 1002 1839 is
1028 1809 1190 1849 referring
1215 1812 1252 1840 to
1278 1809 1337 1840 the

153 1855 367 1893 pentameter
384 1853 512 1892 quoted
528 1852 574 1892 by
591 1852 845 1893 Theophrastus
862 1852 950 1883 H.P.
965 1852 1019 1882 IX
1038 1853 1088 1888 15,
1108 1853 1121 1882 1
1141 1864 1147 1883 :
1174 1852 1337 1892 Τυρρηνὸν

152 1895 276 1933 γενεάν,
307 1895 554 1935 φαρμακοποιόν
584 1894 684 1928 ἔθνος.
737 1895 778 1926 Ιῃ
809 1895 878 1926 this
909 1905 1051 1936 passage
1081 1894 1336 1935 Theophrastus

153 1937 323 1968 mentions
339 1938 423 1969 both
439 1938 531 1969 Circe
546 1938 614 1968 and
630 1937 750 1975 Helen,
766 1948 803 1969 as
817 1937 892 1969 well
906 1948 943 1969 as
957 1937 1017 1969 the
1032 1937 1156 1969 wealth
1171 1937 1210 1969 of
1220 1937 1337 1979 Egypt

154 1980 187 2011 in
205 1981 317 2020 drugs.

157 2045 223 2077 142
