1459 2288
125 528 165 559 93

125 1115 166 1146 94

394 185 589 223 PLINY:
635 187 899 224 NATURAL
932 187 1170 226 HISTORY

246 289 329 326 LX.
362 290 489 327 Panos
511 296 627 327 sanat
648 304 819 340 panaces
842 303 891 327 ex
913 291 1046 335 melle,
1068 292 1259 342 plantago
1281 306 1370 329 cum

194 349 289 392 sale,
313 348 645 398 quinquefolium,
668 349 908 398 persollatae
931 350 1043 386 radix
1066 357 1112 387 ut
1133 353 1173 387 in
1195 354 1371 394 strumis,

194 410 292 444 item
311 407 601 450 damasonium,
619 408 854 444 verbascum
872 421 962 444 cum
981 422 1052 445 sua
1070 409 1202 445 radice
1221 415 1370 453 tusum,

193 469 284 502 vino
314 479 520 516 aspersum
550 465 726 516 folioque
755 466 980 503 involutum
1010 473 1052 504 et
1081 470 1139 504 ita
1167 470 1207 504 in
1238 470 1370 505 cinere

193 524 433 562 calefactum
456 530 502 562 ut
524 527 740 574 inponatur
763 524 948 561 calidum.
1005 528 1162 575 experti
1187 526 1370 563 adfirma-

194 596 285 620 vere
308 583 524 633 plurimum
546 582 710 627 referre,
733 586 763 620 si
787 586 897 634 virgo
919 586 1086 633 inponat
1108 585 1216 621 nuda
1238 587 1373 622 ieiuna

193 645 326 679 ieiuno
347 648 389 679 et
409 656 530 679 manu
550 645 692 692 supina
712 648 884 692 tangens
905 643 1036 680 dicat:
1072 643 1206 693 Negat
1226 643 1372 693 Apollo

192 707 350 750 pestem
384 714 500 750 posse
534 714 712 738 crescere
746 704 806 737 cui
843 701 951 737 nuda
985 704 1095 752 virgo
1128 705 1368 752 restinguat,

193 765 316 809 atque
331 762 388 796 ita
401 766 576 796 retrorsa
588 773 709 796 manu
725 766 788 796 ter
801 759 909 796 dicat
923 763 1155 810 totiensque
1171 761 1370 810 despuant

193 819 322 855 ambo.
378 818 566 855 medetur
603 824 646 855 et
682 818 795 855 radix
834 818 1124 869 mandragorae
1163 832 1213 855 ex
1251 833 1371 869 aqua,

192 877 334 913 radicis
353 880 579 914 scamoniae
598 877 810 914 decoctum
829 890 919 914 cum
937 877 1070 921 melle,
1089 877 1262 915 sideritis
1281 891 1372 915 cum

194 936 311 985 adipe
360 942 497 973 vetere
545 942 726 979 contusa,
769 939 1011 972 marruvium
1059 949 1149 972 cum
1197 940 1372 987 axungia

193 1000 345 1038 vetere,
366 994 429 1031 vel
448 994 694 1045 chrysippios
714 1008 805 1031 cum
826 994 906 1031 ficis
927 995 1153 1045 pinguibus.
1210 1001 1253 1032 et
1271 995 1371 1032 haec

193 1053 243 1090 ab
260 1056 469 1090 inventore
486 1053 611 1090 habet
628 1066 786 1090 nomen.

238 1110 345 1148 LXI.
377 1112 577 1149 Venerem
624 1115 664 1148 in
711 1118 844 1149 totum
892 1112 1045 1156 adimit,
1093 1118 1139 1149 ut
1186 1113 1372 1157 diximus,

193 1171 421 1221 nymphaea
446 1171 646 1214 Heraclia,
672 1171 814 1207 eadem
839 1171 964 1208 semel
988 1176 1086 1220 pota
1108 1174 1149 1208 in
1176 1171 1250 1208 XL
1274 1171 1372 1215 dies,

192 1232 388 1267 insomnia
419 1243 578 1279 quoque
610 1232 764 1266 veneris
796 1243 819 1266 a
847 1232 981 1266 ieiuno
1011 1236 1109 1279 pota
1139 1236 1181 1267 et
1211 1233 1251 1266 in
1281 1231 1370 1267 cibo

193 1294 366 1338 sumpta.
422 1288 536 1325 inlita
553 1301 713 1338 quoque
730 1288 843 1325 radix
859 1288 1103 1338 genitalibus
1120 1288 1277 1326 inhibet
1293 1303 1371 1326 non

192 1347 320 1384 solum
355 1360 543 1384 venerem
579 1347 650 1384 sed
685 1353 727 1384 et
761 1347 1007 1384 affluentiam
1042 1350 1266 1397 geniturae.
1322 1348 1373 1384 ob

195 1405 236 1442 id
279 1419 420 1456 corpus
465 1406 572 1442 alere
617 1419 836 1455 vocemque
880 1405 1037 1442 dicitur.
1094 1406 1373 1455 adpetentiam

193 1467 348 1501 veneris
382 1464 479 1501 facit
512 1465 624 1501 radix
659 1478 681 1501 e
715 1464 850 1514 xiphio
884 1467 1062 1514 superior
1096 1464 1193 1501 data
1225 1464 1369 1514 potuil

192 1525 232 1559 in
274 1526 378 1567 vino,
420 1526 519 1560 item
562 1537 682 1573 quam
727 1536 916 1560 cremnon
961 1525 1099 1573 agrion
1145 1523 1366 1573 appellant,

193 1595 376 1619 ormenos
397 1584 525 1632 agrios
546 1595 636 1619 cum
655 1581 821 1631 polenta
839 1584 1046 1618 contritus.

276 1675 288 1694 ¹
312 1677 408 1716 potui
427 1676 493 1707 cod.
513 1676 546 1712 d,
566 1675 723 1716 Mayhoff
735 1687 741 1706 z
774 1678 859 1716 potu
877 1675 970 1706 ceteri
988 1674 1089 1711 codd„
1110 1675 1282 1715 Detlessen.

238 1835 252 1849 ⁰
275 1830 335 1862 See
358 1829 459 1860 XXV
481 1831 493 1868 ξ
511 1831 551 1860 75
574 1829 642 1859 and
663 1829 722 1860 the
744 1832 824 1859 note
846 1829 880 1859 in
904 1828 1012 1859 which
1034 1829 1062 1859 it
1083 1829 1111 1859 is
1141 1829 1283 1869 pointed
1313 1834 1372 1860 out

192 1874 270 1904 that
288 1873 387 1913 Pliny
407 1873 521 1903 differs
541 1874 590 1911 (as
609 1872 667 1903 the
686 1874 822 1912 present
840 1881 981 1911 passage
1001 1870 1124 1911 clearly
1143 1871 1265 1910 shows)
1285 1871 1372 1902 from

193 1916 416 1947 Dioscorides.
464 1915 505 1946 In
523 1915 594 1945 fact
610 1915 645 1945 in
662 1915 721 1945 the
739 1917 875 1955 present
892 1915 1020 1944 section
1039 1913 1077 1944 of
1091 1914 1211 1945 XXVI
1229 1914 1287 1945 the
1304 1917 1372 1945 two

193 1969 249 1990 are
267 1969 348 1999 very
366 1958 490 1989 unlike.

240 2001 251 2020 ²³
276 2001 332 2038 Or,
351 2000 371 2013 ‘⁴
387 2000 458 2032 or.’‘
505 2000 575 2031 The
595 2000 814 2040 conjunction
831 2002 859 2030 et
878 1998 970 2030 often
989 1999 1051 2030 has
1069 2002 1105 2030 to
1125 1999 1165 2030 be
1183 1999 1370 2030 translated

192 2044 225 2075 in
242 2044 312 2075 this
329 2055 414 2085 way.

191 2117 263 2153 334
