1459 2288
78 447 137 478 103

77 821 136 851 104

77 1248 136 1279 105

366 179 560 217 PLINY:
606 180 870 218 NATURAL
903 180 1140 218 HISTORY

165 290 226 321 est
251 283 427 333 mollugo
453 290 638 327 vocatur;
663 284 813 327 similis,
839 284 909 321 sed
935 284 1200 334 asperioribus
1225 283 1342 328 foliis,

166 350 374 387 asperugo.
431 340 643 386 superioris
667 343 709 374 et
736 351 851 374 sucus
874 343 898 384 p
918 337 949 374 Χ
971 340 988 376 l
1015 340 1056 374 in
1081 340 1159 374 vini
1184 337 1339 374 duobus

165 390 320 440 cyathis
339 390 487 427 cotidie
506 393 686 427 sumitur.

216 443 360 480 LXVI.
391 443 611 493 Praecipue
649 457 743 480 vero
781 444 926 480 liberat
965 457 1013 480 eo
1049 444 1155 480 malo
1192 443 1342 494 phycos

164 496 396 540 thalassion‚
416 497 457 533 id
478 503 540 534 est
559 496 672 534 fucus
692 500 883 540 marinus,
902 497 1084 534 lactucae
1104 497 1255 541 similis,
1275 499 1343 547 qui

164 549 379 600 conchyliis
421 551 705 594 substernitur,
747 564 826 587 non
866 551 1070 600 podagrae
1111 550 1231 587 modo
1271 550 1342 587 sed

165 604 347 639 omnibus
389 603 647 640 articulorum
686 604 833 640 morbis
874 606 1070 653 inpositus
1110 606 1341 653 priusquam

165 656 336 693 arefiat.1
391 660 469 693 tria
489 663 626 693 autem
646 670 798 707 genera
819 659 925 693 eius:
959 657 1087 694 latum
1108 663 1151 694 et
1171 657 1342 693 alterum

164 710 334 760 longius,
361 710 657 759 quadamtenus
683 711 844 754 rubens,
870 713 1038 747 tertium
1064 713 1199 759 crispis
1226 709 1342 753 foliis,

165 777 243 812 quo
272 766 313 800 in
342 763 464 800 Creta
492 770 625 800 vestes
654 767 833 814 tingunt,
863 766 997 800 omnia
1025 764 1206 800 eiusdem
1235 777 1340 800 usus.

163 817 364 854 Nicander
397 830 446 854 ea
478 823 521 854 et
554 817 742 854 adversus
776 823 985 866 serpentes
1018 819 1058 853 in
1091 819 1182 853 vino
1215 817 1340 853 dedit.

164 870 339 907 salutare
374 877 436 907 est
469 877 512 907 et
544 884 683 907 semen
716 873 800 907 eius
833 870 984 907 herbae
1018 883 1139 920 quam
1171 870 1342 920 psyllion

162 923 449 973 appellavimus
464 923 738 961 madefactum
752 937 870 973 aqua,
885 923 1073 960 admixtis
1086 926 1127 960 in
1139 923 1343 960 heminam

164 980 325 1013 seminis
340 980 496 1014 resinae
513 977 783 1027 Colophoniae
799 977 1042 1014 coclearibus
1058 977 1228 1020 duobus,
1243 979 1342 1013 turis

164 1043 255 1066 uno.
311 1030 528 1067 laudantur
555 1037 597 1067 et
623 1031 915 1081 mandragorae
941 1029 1037 1067 folia
1062 1043 1153 1067 cum
1179 1030 1344 1080 polenta

165 1090 296 1120 tunsa.
352 1083 442 1120 talis
471 1097 565 1121 vero
592 1085 844 1121 tumentibus
871 1084 988 1120 limus
1017 1086 1225 1133 aquaticus
1253 1096 1344 1120 cum

165 1137 253 1174 oleo
279 1138 468 1174 subactus
496 1140 595 1174 mire
622 1137 801 1187 prodest,
830 1137 1004 1174 articulis
1032 1150 1148 1173 sucus
1176 1150 1225 1174 ex
1252 1149 1344 1173 cen-

164 1193 295 1227 taurio
329 1193 496 1234 minore,
531 1191 639 1227 idem
672 1194 803 1227 nervis
838 1190 1085 1234 utilissimus,
1119 1193 1219 1227 item
1252 1203 1344 1227 cen-

163 1246 300 1280 tauris.
356 1247 561 1281 vettonica
578 1247 708 1280 nervis
726 1244 1041 1280 discurrentibus
1059 1256 1130 1293 per
1148 1243 1343 1293 scapulas,

163 1300 325 1341 umeris,
349 1300 501 1346 spinae,
524 1297 683 1341 lumbis,
706 1303 804 1347 pota
825 1303 871 1334 ut
893 1300 934 1334 in
956 1299 1144 1340 iocinere,
1168 1296 1343 1334 articulis

164 1349 486 1400 quinquefolium
522 1353 755 1400 inpositum,
792 1351 1084 1400 mandragorae
1122 1349 1217 1386 folia
1253 1363 1344 1386 cum

165 1403 330 1453 polenta
349 1404 412 1441 vel
429 1404 544 1441 radix
562 1417 702 1441 recens
721 1410 813 1441 tusa
832 1417 922 1440 cum
941 1416 1153 1440 cucumere
1173 1403 1343 1440 silvestri

164 1457 227 1494 vel
264 1457 432 1495 decocta
466 1460 507 1494 in
544 1471 662 1508 aqua,
698 1457 917 1507 digitorum
952 1460 994 1494 in
1029 1457 1199 1506 pedibus
1234 1459 1342 1493 rimis

165 1511 369 1561 polypodii
415 1511 543 1555 radix,
590 1511 766 1548 articulis
813 1524 928 1547 sucus
974 1510 1207 1561 hyoscyami
1253 1523 1343 1547 cum

203 1619 214 1637 ¹
239 1619 357 1650 arefiat
375 1619 433 1651 VT
450 1619 568 1657 Ianus,
587 1619 761 1660 Detlefsen,
781 1618 937 1659 Mayhoff
948 1631 955 1650 :
983 1618 1147 1650 exarefiat
1164 1618 1187 1649 d
1203 1628 1219 1649 r
1236 1617 1319 1658 ναῖς.

200 1796 214 1811 ⁶
237 1791 451 1833 Apparently
469 1791 619 1831 molluqo,
634 1791 698 1822 but
714 1791 773 1822 the
790 1790 985 1832 possibility
1004 1790 1042 1822 of
1055 1801 1075 1821 a
1091 1790 1207 1821 hiatus
1224 1790 1341 1821 makes

156 1846 218 1866 one
238 1836 426 1866 uncertain.

203 1879 214 1897 ⁶
241 1878 296 1915 Or,
316 1878 400 1909 with
419 1877 581 1918 ezarefiat,
604 1877 622 1889 ‘⁶
640 1878 734 1917 quite
754 1876 851 1917 dry.”

202 1926 213 1939 ⁶
237 1921 297 1952 See
320 1920 535 1951 Dioscorides
558 1920 606 1951 IV
628 1921 688 1951 99:
717 1920 838 1959 γίνεται
865 1919 901 1950 τὸ
922 1919 982 1959 μέν
1001 1932 1032 1949 τι
1055 1918 1152 1950 αὐτοῦ
1173 1918 1288 1956 πλατύ,
1304 1918 1342 1950 τὸ

156 1963 191 1995 δὲ
207 1963 368 2004 ὑπόμηκες
384 1963 438 1994 καὶ
454 1962 707 2003 ὖποφοινικίζον,
724 1962 761 1994 τὸ
785 1962 819 1994 δὲ
842 1961 937 1993 οὖλον
954 1961 988 2001 (“
1006 1962 1101 2003 curly
1117 1961 1162 2001 ²⁷).
1211 1961 1341 2002 Pliny’s

156 2006 259 2037 latum
279 2007 348 2037 and
369 2006 510 2045 longius,
527 2005 707 2042 therefore,
724 2015 805 2046 may
826 2005 913 2036 refer
932 2008 969 2036 to
990 2005 1050 2036 the
1066 2004 1178 2036 leaves
1195 2004 1264 2035 and
1279 2008 1342 2036 not

156 2053 193 2080 to
211 2049 269 2080 the
288 2048 395 2080 whole
413 2049 521 2090 plant.
569 2048 630 2080 See
649 2048 741 2079 XIII
759 2049 792 2088 ἐξ
810 2049 871 2080 135
886 2047 955 2079 foll.

164 2123 232 2158 342
