1459 2288
70 623 128 654 175

69 996 127 1028 176

69 1529 125 1560 177

359 140 553 178 PLINY:
600 142 863 179 NATURAL
897 142 1132 180 HISTORY

163 249 267 282 inter
300 245 398 282 duos
434 244 583 294 lapides
618 246 713 280 trita
746 243 875 280 fervet
909 247 1122 294 praecipuo
1156 246 1342 284 adversus

164 301 328 349 anginas
348 311 453 339 suco,
473 298 576 333 lacte
596 303 637 333 et
656 299 745 333 vino
765 297 956 334 admixto.
1010 301 1153 335 mirum
1172 300 1343 337 traditur

163 365 382 401 numquam
410 364 456 387 eo
480 351 617 387 morbo
643 354 833 400 temptari
861 354 928 400 qui
953 355 1214 401 gustaverint.
1270 356 1342 390 ita-

164 418 242 454 que
289 410 329 440 et
377 405 497 440 subus
545 404 642 447 dari,
689 417 875 453 quaeque
919 405 1258 443 medicamentum
1303 407 1342 443 id

163 458 363 495 noluerint
411 457 567 493 haurire
616 470 663 493 eo
710 458 848 494 morbo
893 460 1078 494 interimi.
1134 465 1227 495 sunt
1275 462 1342 509 qui

164 513 295 548 avium
316 511 416 547 nidis
437 512 554 546 inseri
577 509 725 559 aliquid
746 523 795 547 ex
817 523 865 547 ea
884 516 1030 560 putent
1050 517 1172 561 atque
1193 515 1250 549 ita
1264 526 1342 550 non

164 564 402 613 strangulari
421 563 547 612 pullos
569 564 719 600 avidius
739 564 988 601 devorantes.

209 617 349 654 CXIV.
379 617 544 653 Veneris
571 619 774 666 pectinem
801 617 1006 666 appellant
1033 631 1056 654 a
1082 619 1340 656 similitudine

164 674 381 721 pectinum,
403 672 512 707 cuius
534 670 645 707 radix
667 684 756 706 cum
777 670 907 707 malva
924 677 1015 708 tusa
1034 674 1167 708 omnia
1190 675 1341 722 corpori

163 724 283 760 infixa
304 723 490 760 extrahit.

214 777 333 814 CXV.
364 777 540 813 Veterno
593 776 735 813 liberat
786 790 890 826 quae
942 777 1116 814 exedum
1166 785 1341 816 vocatur.

164 833 273 868 notia
303 830 427 866 herba
451 833 703 866 coriariorum
728 830 888 867 officinis
912 831 1114 868 familiaris
1129 831 1144 854 ¹
1175 838 1235 868 est
1259 833 1343 870 aliis

164 884 297 920 aliisve
315 884 553 926 nominibus,
567 884 957 933 efficacissimamque
975 885 1161 921 adversus
1175 888 1343 935 scorpio-

162 951 254 974 nem
275 950 359 973 esse
379 942 515 986 potam
536 950 557 973 e
576 939 665 973 vino
685 942 755 973 aut
772 950 892 986 posca
909 940 1075 987 reperio.

208 990 347 1027 CXVI.
380 989 692 1039 Philanthropon
737 990 902 1027 herbam
947 991 1087 1028 Graeci
1139 992 1344 1041 appellant

164 1050 319 1086 nasute,
373 1046 559 1093 quoniam
612 1044 788 1080 vestibus
841 1043 1112 1081 adhaerescat.
1169 1058 1217 1081 ex
1270 1045 1343 1082 hac

162 1111 306 1134 corona
344 1099 516 1146 inposita
554 1099 694 1146 capitis
733 1097 887 1133 dolores
927 1097 1053 1134 sedat.
1109 1111 1201 1134 nam
1240 1112 1343 1148 quae

162 1153 319 1187 canaria
341 1150 566 1199 appellatur
587 1150 717 1199 lappa,
739 1164 828 1187 cum
849 1150 1082 1201 plantagine
1105 1157 1146 1188 et
1166 1151 1343 1189 milifolio

162 1207 257 1240 trita
275 1217 323 1240 ex
340 1205 430 1240 vino
446 1205 711 1240 carcinomata
727 1209 856 1247 sanat,
873 1207 995 1240 ternis
1012 1205 1153 1241 diebus
1165 1205 1181 1228 2
1200 1205 1341 1243 soluta.

162 1258 348 1294 medetur
364 1263 405 1293 et
421 1257 541 1293 subus
558 1256 697 1293 effossa
713 1259 796 1293 sine
812 1256 916 1294 ferro
933 1257 1070 1294 addita
1083 1260 1123 1294 in
1135 1258 1342 1296 colluviem

163 1313 314 1360 poturis
359 1310 421 1346 vel
467 1323 516 1346 ex
561 1310 664 1346 lacte
711 1323 755 1346 ac
799 1312 901 1346 vino.
957 1311 1119 1360 quidam
1166 1312 1343 1349 adiciunt

164 1363 419 1400 effodientem
436 1363 566 1400 dicere
583 1369 768 1412 oportere
782 1376 790 1399 :
821 1363 919 1400 haec
936 1370 997 1400 est
1013 1363 1137 1401 herba
1153 1378 1342 1414 argemon

160 1430 279 1466 quam
302 1417 485 1453 Minerva
505 1420 683 1466 repperit
702 1417 822 1453 subus
842 1417 1064 1454 remedium
1085 1431 1187 1467 quae
1207 1419 1257 1455 de
1277 1419 1343 1455 illa

162 1473 423 1520 gustaverint.

207 1523 369 1560 CXVII.
400 1523 433 1559 T
435 1523 600 1574 ordylon
630 1523 694 1559 alii
721 1536 859 1560 semen
888 1523 996 1560 silis³
1025 1537 1111 1561 esse
1141 1525 1341 1570 dixerunt,

163 1577 225 1613 alii
264 1577 429 1613 herbam
468 1589 538 1626 per
576 1589 631 1620 se,
670 1590 790 1626 quam
828 1582 870 1613 et
907 1591 1050 1628 syreon
1086 1585 1339 1615 vocaverunt.

211 1663 221 1680 ¹
246 1662 420 1692 familiaris
448 1662 536 1698 Ian„
565 1662 737 1702 Deilessen,
768 1662 941 1703 Mayhoff:
979 1673 1053 1693 eam
1081 1662 1195 1694 hilaris
1221 1667 1342 1695 autea

166 1704 292 1735 villaris
309 1704 398 1735 codd.

205 1749 217 1767 ²
240 1746 398 1787 sssctylzoff
411 1748 619 1788 (Appendix)
638 1758 705 1779 non
723 1748 799 1779 add.
820 1748 867 1779 vel
883 1759 903 1778 a
918 1752 994 1779 ante
1010 1749 1127 1780 ternis.

204 1790 217 1809 ³
241 1790 309 1821 silis
325 1794 388 1821 tres
403 1790 505 1827 codd„
523 1791 699 1831 fllayhoff:
729 1790 834 1821 sesilis
850 1791 1024 1831 Detlefsen.

341 1929 354 1942 ‘²
377 1926 510 1966 Impius
527 1926 587 1957 has
605 1926 676 1957 also
693 1926 751 1957 the
767 1927 927 1968 meaning
945 1930 964 1942 “
977 1927 1159 1967 impious.’'

341 1968 352 1986 ‘³
379 1969 396 1980 '⁴
412 1969 521 2000 Lover
538 1969 575 1999 of
587 1969 701 2000 man.'’

341 2015 352 2029 ⁶
378 2011 423 2043 Or
441 2012 460 2023 “
480 2012 584 2043 sesih's
600 2012 618 2024 ”
637 2012 850 2052 (Detlefsen).

164 2085 229 2118 124
