1459 2288
101 261 141 291 66

99 632 139 662 67

101 1111 142 1141 68

368 46 563 83 PLINY:
610 46 873 83 NATURAL
906 46 1142 83 HISTORY

167 162 301 186 vacua.
356 161 494 185 semen
517 148 766 198 dysintericis
790 150 830 184 in
855 150 944 184 vino
967 153 1108 197 potum
1133 147 1346 184 auxiliatur

166 205 291 239 unice.

219 255 345 291 XXX.
376 255 592 292 Centaurio
643 260 801 290 curatus
853 254 996 291 dicitur
1046 254 1205 298 Chiron,
1255 268 1344 291 cum

168 308 351 345 Herculis
382 310 539 357 excepti
569 307 739 356 hospitio
770 310 1029 356 pertractanti
1061 321 1170 343 arma
1198 310 1346 357 sagitta

168 362 381 398 excidisset
402 363 437 397 ei
457 363 496 396 in
516 360 675 410 pedem,
693 373 815 409 quare
836 360 956 409 aliqui
973 360 1173 397 chironion
1190 366 1343 397 vocant.

167 414 261 451 folia
293 420 385 450 sunt.
417 413 499 450 lata
532 419 573 450 et
605 413 789 463 oblonga,
822 419 972 450 serrato
1005 414 1171 457 ambitu,
1204 413 1346 450 densi1

168 469 217 504 ab
249 467 381 503 radice
414 467 544 503 caules
577 472 737 503 ternum
769 467 993 503 cubitorum
1024 466 1252 516 geniculati.
1305 469 1345 503 in

168 520 226 557 his
255 523 387 570 capita
415 533 486 556 ceu
515 533 772 569 papaverum.
826 519 939 556 radix
967 525 1092 562 vasta,
1120 520 1345 563 rubescens,

167 580 307 610 tenera
346 573 590 623 fragilisque,
631 573 681 609 ad
720 573 813 609 bina
853 573 1001 615 cubita,
1040 572 1201 609 madida
1240 586 1345 616 suco,

167 640 300 663 amara
326 640 415 663 cum
443 626 615 675 quadam
641 625 864 662 dulcedine.
918 628 1092 662 nascitur
1117 628 1157 662 in
1183 625 1346 662 collibus

166 683 304 730 pingui
322 679 418 722 solo,
436 679 733 715 laudatissima
724 693 763 715 m
782 679 966 722 Arcadia,
984 678 1113 722 Elide,
1132 678 1345 722 Messenia,

167 731 329 776 Pholoe,
353 732 413 783 L3
416 746 524 775 caeo,
549 739 590 769 et
613 735 652 768 in
676 732 843 782 Alpibus
866 746 959 769 vero
982 732 1239 782 plurimisque
1263 732 1346 769 aliis

168 786 271 823 locis.
326 789 365 822 in
404 785 527 836 L3·cia
565 785 727 835 quidem
761 791 802 822 et
837 799 885 822 ex
921 798 967 822 ea
1000 785 1039 835 13
1043 788 1145 821 cium
1183 785 1344 822 faciunt.

168 853 222 876 vis
263 842 304 876 in
332 838 558 875 vulneribus
593 845 707 875 tanta
737 844 798 875 est
832 844 877 875 ut
912 838 1189 875 cohaerescere
1226 841 1346 875 etiam

167 905 304 929 carnes
338 892 514 935 tradant,
547 895 578 928 si
610 898 831 941 coquantur
863 891 990 928 simul.
1044 894 1082 928 in
1116 905 1188 928 usu
1221 892 1346 933 radix,

168 952 327 982 tantum
366 945 520 981 duabus
557 945 753 981 drachmis
790 945 964 981 bibenda
1001 946 1143 994 quibus
1180 945 1345 982 dicetur.

166 1001 198 1035 si
225 998 345 1035 febris
372 1001 437 1042 sit,
464 1000 503 1034 in
532 1011 635 1048 aqua
662 1001 769 1041 trita,
797 1001 939 1035 ceteris
966 1000 1005 1034 in
1033 1000 1122 1035 vino
1149 998 1345 1035 medetur.

169 1058 211 1089 et
229 1055 360 1089 ovium
379 1051 394 1074 2
411 1052 557 1088 morbis
576 1051 766 1088 decoctae
784 1065 911 1088 sucus.

219 1105 369 1142 XXXI.
399 1105 472 1141 Est
490 1104 660 1141 alterum
678 1107 927 1141 centaurium
944 1107 1179 1155 cognomine
1196 1104 1346 1154 lepton,

168 1161 330 1195 minutis
356 1157 472 1201 foliis,
500 1159 606 1208 quod
632 1158 752 1207 aliqui
778 1158 952 1195 libadion
978 1164 1134 1201 vocant,
1161 1160 1346 1208 quoniam

219 1252 232 1270 1
256 1251 351 1282 densi
369 1262 384 1282 e
400 1251 606 1289 Dioscorida,
626 1250 783 1291 Maylzoff
794 1263 800 1281 :
833 1251 937 1282 densa
954 1250 1042 1282 codd.
1062 1254 1090 1281 et
1107 1250 1279 1291 Detlefsen.

219 1295 230 1312 ²
254 1295 370 1325 ovium
395 1293 502 1334 wlff:
542 1293 663 1324 obvius
688 1294 710 1325 d
735 1294 761 1324 T
787 1293 971 1334 Detlessen:
1010 1293 1156 1325 febrium
1182 1293 1345 1334 JIayhoff,

173 1337 229 1378 qui
264 1337 350 1367 VIII
383 1338 396 1375 ἓ
433 1337 503 1374 119,
544 1337 671 1367 XXIII
703 1338 744 1367 48
777 1336 918 1377 confert:
964 1337 1118 1367 omnium
1156 1337 1345 1368 Barbam:

175 1380 294 1411 iisdem
310 1380 415 1411 Hard.
433 1392 439 1410 :
471 1379 649 1410 volvarum
666 1379 684 1409 I
687 1390 773 1410 anus
788 1392 795 1410 ε
825 1379 966 1411 obvium
981 1379 1086 1411 VRE.

216 1529 230 1543 ⁰
252 1525 319 1555 For
339 1524 398 1555 the
421 1525 578 1565 meaning
601 1525 635 1556 of
661 1535 773 1555 curare
796 1525 864 1556 and
891 1525 935 1556 its
957 1528 1117 1566 cognates
1138 1535 1193 1556 see
1215 1524 1344 1557 XXIV.

172 1569 469 1642 §Z4SleoeoeiXIIL
491 1612 505 1650 ξ
528 1611 588 1642 109
608 1614 689 1642 note
708 1610 738 1641 d.
786 1610 877 1642 Here
899 1621 919 1641 a
941 1611 1030 1650 juice
1052 1610 1131 1641 that
1150 1610 1269 1642 served
1288 1611 1347 1642 the

173 1663 264 1686 same
290 1663 437 1694 purpose
464 1663 502 1684 as
521 1653 658 1707 9lycium
685 1664 818 1694 proper,
845 1653 955 1684 which
980 1664 1050 1684 was
1076 1664 1119 1702 an
1147 1654 1345 1694 astringent.

170 1695 907 1779 Set?54235123353311Zissssgfissg'tsstffss
924 1696 1049 1770 {iffi
1056 1696 1290 1780 xxilncertainty
1313 1739 1352 1770 of

172 1782 230 1813 the
251 1782 401 1822 reading.
449 1781 556 1812 Three
579 1782 617 1813 of
634 1781 693 1813 the
716 1781 807 1813 chief
824 1781 917 1813 MSS.
940 1783 1016 1823 give
1038 1781 1168 1812 obvium
1189 1782 1257 1813 and
1278 1785 1346 1813 two

171 1825 293 1856 obvius.
340 1824 377 1855 If
393 1824 504 1855 ovium
520 1835 590 1855 was
612 1824 763 1865 changed
784 1828 821 1855 to
842 1824 972 1855 obvium
988 1824 1048 1855 the
1068 1824 1201 1855 further
1219 1824 1346 1866 change

174 1872 211 1899 to
236 1867 348 1898 obvius
373 1867 486 1898 would
511 1867 552 1898 be
578 1867 762 1899 inevitable
788 1867 931 1898 because
957 1867 996 1898 of
1021 1877 1130 1898 sucus.
1170 1867 1345 1899 Detlefsen

173 1911 299 1942 retains
317 1910 440 1948 obvim,
455 1910 519 1942 but
536 1910 552 1942 I
573 1921 635 1942 can
651 1910 723 1942 find
741 1921 786 1941 no
805 1910 893 1941 clear
908 1911 1061 1942 instance
1078 1910 1116 1941 of
1128 1910 1172 1941 its
1188 1921 1247 1941 use
1262 1911 1345 1942 with

172 1973 239 2017 184
