1459 2288
105 387 164 418 115

107 600 166 630 116

111 1452 170 1482 118

383 171 579 208 PLINY:
626 170 889 208 NATURAL
923 169 1160 207 HISTORY

186 282 228 313 et
259 278 300 312 in
333 275 510 311 febribus
545 280 638 310 ante
673 276 916 310 accessiones
949 272 1104 309 duobus
1137 271 1290 321 cyathis
1323 274 1363 308 in

186 331 367 366 tertianis
411 330 696 377 quartanisque
738 329 964 376 praecipue,
1005 329 1104 363 item
1145 325 1362 368 cholericis,

185 382 433 432 dysintericis
455 387 495 418 et
515 383 555 416 in
575 380 771 417 solutione
792 379 997 416 stomachi.
1052 380 1217 415 tertium
1237 391 1363 427 genus

186 438 295 472 orion
318 440 460 471 vocant
481 437 521 470 in
543 434 744 470 montibus
767 446 946 476 nascens,
967 432 1179 468 harundini
1200 437 1365 468 tenerae

186 488 326 531 simile,
351 501 429 524 uno
455 487 580 530 caule,
605 487 736 523 densis
761 485 952 536 geniculis
979 491 1020 522 et
1044 488 1084 521 in
1109 498 1150 521 se
1175 483 1366 527 infarctis,

186 541 288 577 foliis
316 547 452 577 autem
478 543 629 590 piceae,
656 540 796 576 radicis
823 552 1104 588 supervacuae,
1130 538 1366 574 inefficacius

187 608 306 644 quam
319 597 533 643 superiora,
546 593 744 643 peculiare
756 592 987 629 ischiadicis.
1043 597 1229 641 quartum
1240 603 1366 640 genus

187 648 366 684 silvestre
410 647 650 696 appellatur,
693 659 822 696 paene
866 646 1014 682 arboris
1057 644 1176 680 modo
1217 643 1366 686 frutex,

187 701 319 737 radice
349 701 515 750 lignosa,
545 703 668 749 stirpe
698 699 805 736 cedri
835 697 1067 741 rubicunda,
1096 699 1214 734 ramis
1244 699 1367 746 sparti

187 755 325 791 binum
351 754 586 803 palmorum,
613 756 733 802 nigris
760 752 1033 802 geniculorum
1058 753 1182 787 ternis
1209 755 1367 800 quater-

189 811 329 856 nisque
379 806 566 843 articulis.
621 806 711 842 huic
761 818 919 855 quoque
967 804 1162 854 spissandi
1210 809 1366 846 natura,

188 874 304 910 sapor
318 860 411 896 mali
427 863 598 896 cotonei.
653 859 889 908 decoquitur
903 861 943 895 in
959 871 1063 907 aqua
1077 857 1128 894 ad
1143 859 1282 893 tertias
1299 862 1368 892 aut

189 914 287 950 aridi
315 913 442 950 farina
469 916 711 962 inspergitur
740 918 782 949 et
810 915 885 948 oris
914 911 1110 948 ulceribus
1140 916 1182 947 et
1211 910 1367 946 adtritis

189 967 379 1017 partibus.
434 972 597 1016 propter
625 969 875 1016 gingivarum
904 978 996 1001 vero
1025 967 1121 1001 vitia
1149 966 1234 1013 ipsa
1262 976 1367 1000 com-

188 1020 463 1057 manducatur.
519 1033 655 1055 nomas
687 1022 791 1055 sistit
822 1021 1033 1067 omniaque
1066 1030 1168 1066 quae
1200 1022 1366 1065 serpunt

191 1080 259 1111 aut
275 1073 474 1110 difficilem
489 1076 713 1109 cicatricem
728 1072 894 1114 habent,
909 1073 1094 1120 privatim
1109 1083 1201 1106 vero
1217 1075 1332 1106 sanat
1348 1082 1370 1106 a

190 1130 279 1163 nive
298 1126 404 1163 facta
421 1126 565 1162 ulcera.
620 1125 791 1162 herbarii
809 1132 850 1162 et
868 1125 918 1161 ad
936 1127 1100 1174 anginas
1118 1129 1287 1160 utuntur
1302 1122 1371 1158 illa

191 1187 232 1217 et
249 1183 290 1216 in
308 1183 448 1229 capitis
466 1179 601 1216 dolore
620 1192 805 1215 coronam
825 1191 874 1215 ex
894 1191 941 1214 ea
957 1181 1155 1226 inponunt
1173 1182 1215 1213 et
1233 1181 1371 1212 contra

191 1233 399 1283 epiphoras
435 1233 536 1269 collo
571 1232 828 1268 circumdant.
883 1234 923 1267 in
958 1233 1140 1267 tertianis
1176 1229 1367 1279 quidam1

191 1290 349 1323 sinistra
375 1299 496 1322 manu
525 1285 701 1322 evulsam
729 1284 962 1334 adalligant,
991 1284 1091 1320 adeo
1119 1289 1258 1320 contra
1284 1295 1370 1332 pro-

191 1340 310 1376 fluvia
330 1342 545 1389 sanguinis,
566 1352 639 1375 nec
659 1338 782 1375 ullam
801 1340 928 1387 magis
949 1337 1100 1374 aridam
1121 1349 1241 1386 quam
1261 1335 1371 1385 poly-

191 1407 340 1444 gonum
360 1398 531 1429 servant.

240 1446 367 1483 XCII.
397 1445 651 1482 Pancratium
667 1445 788 1494 aliqui
803 1444 954 1481 scillam
968 1443 1153 1493 pusillam
1170 1441 1371 1492 appellare

192 1500 359 1543 malunt,
394 1498 497 1535 foliis
532 1499 610 1535 albi
645 1499 715 1534 lilii
748 1498 990 1548 longioribus
1025 1496 1371 1544 crassioribusque,

192 1553 323 1590 radice
351 1552 461 1589 bulbi
489 1555 637 1602 magni,
665 1551 794 1588 colore
821 1550 921 1587 rufo.
976 1550 1108 1587 alvum
1135 1549 1252 1586 solvit
1278 1561 1371 1585 suco

192 1620 282 1643 cum
307 1605 434 1642 farina
459 1609 540 1642 ervi
565 1611 737 1654 sumpto,
762 1604 896 1641 ulcera
920 1610 1077 1653 purgat.
1131 1602 1370 1653 hydropicis,

193 1660 374 1710 splenicis
395 1673 485 1696 cum
506 1659 625 1695 melle
647 1659 776 1695 datur.
831 1657 896 1694 alii
917 1657 1114 1694 decocunt
1135 1669 1224 1693 eam
1244 1655 1371 1692 donee

320 1745 331 1763 ¹
357 1744 496 1785 quidam
514 1743 603 1775 codd.
619 1743 717 1774 multi
732 1755 740 1774 ε
773 1742 910 1783 quidem
928 1742 957 1772 V
976 1741 1072 1781 vuly„
1090 1739 1253 1780 Mayhoff.

236 1877 249 1890 ‘¹
274 1872 487 1903 Dioscorides
515 1871 563 1902 IV
589 1873 608 1901 5
625 1883 632 1902 ε
670 1871 792 1910 γόνατα
810 1872 927 1910 συνεχῆ
944 1868 1017 1910 ἔχον
1035 1868 1204 1909 ἐγκείμενα
1221 1866 1370 1908 ἀλλήλοις

194 1915 304 1956 ὥσπερ
321 1915 511 1955 σάλπιγγος.

239 1958 250 1977 ¹³
275 1958 320 1989 Or
339 1958 358 1969 ‘⁸
374 1957 489 1998 only.'’

235 2005 247 2019 ⁶
270 2000 436 2040 Possibly,
457 1999 475 2011 ‘⁵
488 1999 662 2039 bracing.''

234 2042 249 2061 ἆ
274 2044 329 2079 Or,
348 2043 431 2074 with
450 2042 592 2082 quidem,
613 2042 632 2053 ‘⁸
647 2041 804 2072 indeed.''

193 2106 264 2150 460
