1459 2288
122 420 157 449 17

124 1005 161 1036 18

387 77 582 114 PLINY:
629 76 891 113 NATURAL
926 75 1160 113 HISTORY

185 194 303 217 causa
334 181 508 216 raritatis
540 178 646 227 quod
678 180 801 214 etiam
832 179 899 226 qui
930 179 1060 213 sciunt
1091 177 1363 213 demonstrare

185 239 340 281 nolunt,
378 244 584 287 tamquam
622 238 715 286 ipsis
752 238 974 285 periturum
1011 237 1063 271 sit
1100 235 1206 284 quod
1243 235 1364 271 tradi-

186 298 319 334 derint
338 296 434 332 aliis.
491 295 645 332 accedit
664 297 765 330 ratio
781 295 1020 330 inventionis
1040 306 1199 342 anceps,
1217 296 1364 342 quippe

187 358 309 392 etiam
337 357 377 391 in
406 356 572 404 repertis
603 353 698 389 alias
727 355 879 389 invenit
907 365 1033 396 casus,
1062 351 1171 395 alias,
1200 357 1245 388 ut
1273 364 1364 387 vere

185 415 368 457 dixerim,
388 413 498 450 deus.
554 410 773 448 insanabile
795 410 844 447 ad
863 410 980 447 hosce
1002 423 1123 446 annos
1144 409 1220 446 fuit
1239 410 1363 446 rabidi

186 475 293 509 canis
328 485 480 508 morsus
515 483 703 520 pavorem
740 482 867 518 aquae
903 475 1101 518 potusque
1137 471 1262 504 omnis
1299 468 1366 504 ad-

187 531 317 567 ferens
349 530 496 566 odium.
551 541 678 578 nuper
709 528 914 564 cuiusdam
945 527 1153 564 militantis
1184 529 1224 562 in
1254 539 1365 576 prae-

186 592 287 627 torio
306 594 436 625 mater
455 588 554 624 vidit
573 590 613 624 in
633 589 770 636 quiete
790 592 835 623 ut
854 586 1027 623 radicem
1047 586 1235 622 silvestris
1254 598 1366 622 rosae

188 661 308 698 quam
344 646 619 697 cynorrhodon
656 650 799 682 vocant
834 644 1058 681 blanditam
1093 644 1165 680 sibi
1203 649 1365 692 aspectu

187 707 314 757 pridie
336 708 376 742 in
398 705 572 742 frutecto
594 707 777 741 mitteret
800 703 878 740 filio
900 703 1128 740 bibendam.
1182 704 1222 738 in
1246 702 1366 738 Lace-

187 768 297 802 tania
312 764 326 787 1
348 777 409 800 res
429 764 660 814 gerebatur,
677 762 894 811 Hispaniae
915 763 1094 811 proxima
1114 766 1243 810 parte,
1259 773 1367 797 casu-

189 836 266 873 que
297 823 441 860 accidit
471 827 515 858 ut
546 821 674 857 milite
705 834 727 856 a
757 833 888 856 morsu
919 822 1025 856 canis
1056 822 1271 869 incipiente
1302 831 1367 855 ex-

189 894 400 932 pavescere
443 893 565 929 aquas
606 882 881 929 superveniret
923 878 1095 928 epistula
1135 880 1284 914 orantis
1324 883 1369 914 ut

188 946 348 991 pareret
384 939 579 988 religioni,
616 944 875 988 servatusque
913 943 974 974 est
1009 950 1057 973 ex
1091 939 1293 986 insperato
1328 942 1369 972 et

187 1005 327 1050 postea
369 1001 544 1048 quisquis
587 997 779 1033 auxilium
822 996 948 1033 simile
990 998 1217 1045 temptavit.
1273 994 1368 1031 alias

189 1058 294 1108 apud
324 1063 505 1094 auctores
535 1055 771 1106 cynorrhodi
802 1068 880 1091 una
910 1054 1108 1091 medicina
1139 1059 1225 1090 erat,
1254 1067 1368 1103 spon-

187 1117 330 1167 giolae,
349 1128 450 1165 quae
468 1117 508 1151 in
526 1114 665 1151 mediis
684 1116 803 1163 spinis
820 1116 903 1150 eius
924 1115 1110 1156 nascitur,
1128 1114 1259 1149 cinere
1280 1125 1368 1148 cum

188 1175 308 1212 melle
334 1175 531 1224 alopecias
556 1176 696 1223 capitis
723 1172 885 1221 expleri.
941 1175 980 1208 in
1006 1171 1147 1208 eadem
1171 1173 1370 1220 provincia

189 1236 354 1284 cognovi
371 1235 410 1269 in
428 1245 522 1282 agro
539 1232 705 1280 hospitis
722 1244 848 1280 nuper
864 1231 918 1267 ibi
935 1236 1138 1280 repertum
1155 1229 1370 1266 dracuncu-

188 1293 270 1329 lum
297 1291 545 1342 appellatum
571 1290 725 1326 caulem
751 1289 927 1339 pollicari
954 1288 1227 1332 crassitudine,
1253 1289 1370 1324 versi-

189 1351 384 1388 coloribus
402 1349 417 1372 ²
440 1352 662 1398 viperarum
685 1348 862 1391 maculis,
886 1360 1005 1397 quem
1028 1346 1212 1384 ferebant
1234 1351 1371 1382 contra

191 1412 368 1446 omnium
395 1421 546 1444 morsus
576 1420 661 1443 esse
690 1406 880 1450 remedio,
909 1406 1031 1442 alium
1059 1418 1178 1455 quam
1207 1418 1304 1454 quos
1331 1407 1371 1440 in

191 1471 319 1518 priore
346 1467 547 1504 volumine
575 1466 753 1503 eiusdem
780 1467 948 1501 nominis
975 1465 1159 1507 diximus,
1186 1464 1255 1500 sed
1282 1463 1371 1499 huic

239 1543 250 1561 1
276 1541 460 1573 Laeetania
490 1540 613 1580 aliquot
643 1539 744 1576 codd„
777 1538 940 1579 Dellefsen
956 1551 963 1570 ε
1008 1538 1191 1570 Laeetania
1222 1538 1255 1568 H
1258 1537 1369 1574 ilbner,

197 1585 548 1666 ngxlrlggicoloribus]
565 1637 585 1657 a
601 1625 859 1657 versicoloribus
874 1635 963 1655 unus
979 1624 1046 1655 cod.
1064 1624 1122 1664 (N)
1140 1636 1147 1655 :
1192 1634 1212 1654 a
1228 1622 1370 1654 versico-

197 1671 354 1754 lllolribxsff
363 1670 557 1711 viperarum
598 1668 739 1700 maculis
776 1672 851 1708 post
890 1667 1101 1709 appellatum
1138 1676 1259 1707 ponere
1300 1665 1371 1697 velit

239 1725 282 1754 ay
306 1725 323 1744 o
354 1738 360 1745 .

233 1814 247 1828 ‘²
271 1809 351 1840 This
378 1809 405 1840 is
433 1809 552 1849 taking
577 1807 715 1839 mitteret
742 1810 778 1838 bo
806 1807 847 1838 be
873 1806 932 1838 the
960 1806 1042 1838 verb
1069 1806 1108 1837 of
1131 1816 1151 1836 a
1177 1804 1371 1846 dependent

190 1853 357 1894 question.
405 1852 439 1883 It
453 1851 563 1892 might
577 1851 619 1882 be
632 1850 759 1890 jussive
775 1863 782 1882 ι
811 1850 830 1862 “
845 1850 921 1880 how
935 1849 994 1880 she
1008 1860 1076 1880 was
1090 1852 1126 1881 to
1141 1848 1258 1880 send.''

232 1896 243 1914 ὂ
267 1896 337 1926 The
354 1896 421 1935 gall
437 1895 546 1925 called
565 1894 585 1905 ‘¹
598 1894 727 1925 robin’s
745 1893 999 1935 pin-cushion.”

231 1942 243 1957 ⁰
266 1938 326 1969 See
343 1938 474 1969 XXIV.
491 1939 505 1978 ξ
524 1938 595 1968 143.

195 2001 260 2044 148
