1459 2288
384 171 579 208 PLINY:
624 172 887 209 NATURAL
921 171 1157 209 HISTORY

184 276 279 313 flore
300 277 423 320 luteo,
445 275 546 312 foliis
569 275 728 313 acanthi
750 289 771 313 e
793 279 896 319 vino,
918 279 1016 313 item
1038 276 1295 326 chamaerops
1318 283 1360 313 et

184 333 223 366 in
270 330 484 366 sorbitione
530 332 601 366 irio
647 329 709 366 vel
754 329 944 379 plantago
991 330 1172 366 omnibus
1218 330 1359 373 modis,

184 386 293 420 item.
325 412 333 419 .
364 412 372 419 .
403 412 411 419 .

98 441 156 471 138
236 436 454 472 LXXXVI.
486 435 697 473 Phthiriasi
710 435 818 472 Sulla
830 436 1001 472 dictator
1013 442 1270 485 consumptus
1285 443 1359 479 est,

185 496 480 538 nascunturque
522 492 561 525 in
605 492 797 539 sanguine
837 492 921 538 ipso
963 489 1131 525 hominis
1175 490 1360 526 animalia

185 556 353 579 exesura
376 556 528 592 corpus.
582 542 809 579 resistitur1
834 555 933 579 uvae
958 545 1148 579 taminiae
1172 556 1265 579 suco
1290 549 1359 579 aut

186 599 328 633 veratri
378 609 466 632 cum
516 596 604 632 oleo
652 598 852 645 perunctis
901 596 1138 645 corporibus.
1194 599 1360 633 taminia

185 649 345 699 quidem
382 653 422 686 in
460 655 574 686 aceto
610 649 777 686 decocta
813 651 935 686 etiam
973 655 1104 686 vestes
1141 662 1189 686 eo
1224 649 1360 686 taedio

184 703 338 739 liberat.

99 761 156 791 139
236 756 477 792 LXXXVII.
509 756 654 793 Ulcera
694 756 909 792 multorum
950 762 1043 792 sunt
1081 769 1275 806 generum
1316 769 1360 792 ac

186 809 318 846 multis
351 809 478 846 modis
511 815 710 846 curantur.
765 812 924 858 panacis
958 811 1134 845 omnium
1166 822 1359 859 generum

185 863 295 899 radix
333 876 381 899 ex
419 866 508 899 vino
545 863 671 899 calido
705 862 884 899 inlinitur
918 863 1185 899 manantibus.
1240 865 1360 899 siccat

185 919 368 966 privatim
397 929 517 965 quam
545 915 760 952 chironiam
788 916 972 959 diximus,
1001 929 1090 952 cum
1118 916 1237 952 melle
1265 919 1361 952 trita

184 970 328 1006 tubera
356 972 485 1019 aperit
512 969 789 1018 ulceribusque
819 982 922 1018 quae
951 975 1116 1018 serpunt
1144 969 1360 1018 deploratis

185 1023 330 1059 auxilio
356 1029 430 1066 est,
455 1036 544 1059 cum
570 1025 669 1059 aeris
694 1022 789 1059 flore
814 1025 904 1059 vino
928 1028 1155 1072 temperata
1179 1023 1360 1059 omnibus

184 1076 323 1120 modis,
349 1076 411 1113 vel
436 1079 586 1113 semine
611 1076 675 1112 vel
698 1075 793 1112 flore
818 1076 881 1112 vel
904 1076 1048 1112 radice.
1104 1076 1246 1112 eadem
1271 1089 1359 1112 cum

97 1135 158 1165 140
184 1129 346 1179 polenta
372 1132 539 1166 vetustis
566 1129 789 1166 volneribus
815 1129 999 1179 prodest3
1038 1129 1237 1166 heraclion
1267 1142 1360 1178 quo-

185 1196 262 1233 que
312 1183 496 1226 siderion,
547 1182 785 1232 apollinaris,
836 1182 1034 1233 psyllium,
1084 1182 1358 1232 tragacantha.

185 1236 374 1273 scordotis
420 1250 509 1273 cum
555 1236 674 1272 melle
719 1242 877 1285 purgat.
933 1235 1059 1272 farina
1105 1239 1188 1272 eius
1235 1239 1360 1272 carnis

185 1296 460 1326 excrescentes
491 1303 563 1339 per
593 1303 635 1326 se
666 1292 843 1339 inspersa
873 1292 1081 1326 consumit.
1136 1289 1361 1338 polemonia

184 1343 316 1380 ulcera
358 1356 460 1392 quae
503 1342 693 1380 cacoethe
734 1349 878 1379 vocant
919 1349 1055 1385 sanat;
1111 1345 1360 1379 centaurium

184 1400 309 1433 maius
347 1399 568 1446 inspersum
606 1396 669 1433 vel
705 1396 876 1439 inlitum,
915 1399 1013 1432 item
1050 1399 1210 1432 minoris
1249 1409 1361 1432 coma

184 1450 350 1487 decocta
383 1450 445 1487 vel
478 1453 575 1486 trita
608 1456 746 1486 vetera
780 1462 939 1499 quoque
972 1449 1105 1486 ulcera
1138 1455 1285 1499 purgat
1319 1455 1360 1486 et

184 1510 383 1553 persanat.
438 1502 600 1540 folliculi
644 1503 815 1553 clymeni
861 1503 1087 1539 recentibus
1132 1503 1259 1552 plagis
1303 1505 1360 1538 in-

184 1563 397 1607 ponuntur.
451 1557 630 1593 inlinitur
655 1562 792 1593 autem
818 1559 1009 1606 gentiana
1034 1555 1231 1592 ulceribus
1258 1569 1360 1605 quae

185 1616 349 1660 serpunt
378 1610 510 1646 radice
541 1616 632 1646 tusa
662 1609 725 1646 vel
754 1609 919 1646 decocta
948 1612 989 1646 in
1020 1622 1124 1659 aqua
1154 1609 1204 1646 ad
1233 1609 1360 1646 mellis

184 1664 485 1700 crassitudinem
524 1663 587 1700 vel
625 1676 730 1706 suco,
770 1663 994 1699 volneribus
1034 1676 1083 1699 ex
1123 1676 1172 1699 ea
1209 1661 1360 1699 factum

237 1739 248 1757 ¹
274 1738 350 1768 Post
373 1739 456 1769 item
480 1737 633 1768 lacunam
653 1737 778 1768 indicat
793 1737 901 1776 Silli9‚
917 1747 1011 1777 quem
1025 1737 1170 1777 sequitur
1186 1736 1358 1777 Mayhoff:

192 1781 312 1818 modis,
334 1782 416 1812 item
440 1781 619 1822 phthiriasi
645 1790 712 1820 qua
735 1780 828 1811 Sulla
851 1780 1000 1811 dictator
1023 1783 1244 1821 consumptus
1264 1783 1360 1811 est—

192 1827 447 1864 nascunturque
472 1848 479 1855 .
506 1848 514 1855 .
539 1848 548 1856 .
574 1824 909 1864 corpus—resistitur
925 1822 1098 1863 Detlessen.

223 1932 237 1946 ⁴³
260 1927 330 1958 The
344 1931 420 1958 text,
434 1927 472 1958 of
480 1926 638 1968 Mayhoff
649 1926 771 1965 (which
785 1925 802 1957 I
816 1925 942 1964 follow)
957 1927 984 1957 is
997 1926 1075 1957 here
1089 1926 1262 1957 smoother
1274 1926 1358 1957 than

181 1971 258 2001 that,
286 1970 324 2001 of
350 1970 535 2006 Detkafsen,
565 1969 627 2000 but
655 1969 767 2000 leaves
795 1979 857 2000 one
886 1968 1157 2010 difficulty—the
1185 1979 1244 2008 que
1271 1969 1360 2000 after

180 2017 368 2044 ruz-scantur.
419 2013 490 2043 One
509 2012 622 2043 would
640 2012 756 2043 rather
775 2015 897 2052 expect
915 2022 978 2051 quo
997 2012 1104 2042 morbo
1124 2015 1304 2042 nascuntur
1323 2022 1360 2043 or

179 2056 238 2087 the
251 2055 327 2086 like.
376 2055 526 2095 Perhaps
538 2055 634 2086 there
647 2056 675 2086 is
687 2055 832 2086 another
844 2054 966 2085 lacuna
979 2054 1067 2086 after
1080 2058 1292 2094 coowumptus
1303 2058 1358 2086 est.

184 2110 253 2156 368
