1459 2288
67 500 125 530 109

66 874 126 904 110

66 1355 123 1385 lll

352 177 548 214 PLINY:
595 177 858 215 NATURAL
891 177 1127 215 HISTORY

154 285 278 319 nostri
310 284 364 318 sic
396 295 486 318 eam
516 281 698 325 tradunt,
728 281 870 318 Graeci
903 281 1005 318 foliis
1036 282 1155 331 paulo
1197 282 1330 319 candi-

153 335 328 372 dioribus
366 348 486 384 quam
522 335 692 379 malvae,
728 335 906 372 caulibus
944 336 1147 379 tenuibus,
1184 336 1330 385 pilosis,

153 402 351 425 ramosam
377 401 428 425 ex
452 388 686 432 intervallis,
712 389 850 425 binum
876 388 1112 438 palmorum,
1139 395 1181 425 et
1206 392 1246 425 in
1270 389 1330 426 his

155 442 249 478 folia
262 442 276 464 1
296 444 403 478 inter
419 455 523 491 quae
539 444 580 478 in
596 443 868 478 cacuminibus
885 442 1061 491 capitula
1077 445 1156 479 sint
1171 456 1328 492 gruum.

153 495 325 532 alterum
345 508 473 545 genus
494 494 597 531 foliis
619 508 850 538 anemones,
871 495 1052 532 divisuris
1073 495 1330 545 longioribus,

153 549 286 585 radice
310 548 404 584 mali
426 548 545 585 modo
568 549 755 592 rotunda,
778 548 897 592 dulci,
920 548 1191 585 reficientibus
1215 562 1257 586 se
1280 550 1331 586 ab

154 601 433 638 imbecillitate
481 601 705 645 utilissima,
754 608 796 638 et
844 601 927 638 fere
976 602 1066 638 talis
1115 615 1208 638 vera
1255 609 1329 639 est.

153 656 304 692 bibitur
322 661 461 692 contra
478 655 648 704 phthisis
667 655 857 692 drachma
874 658 915 691 in
933 655 1088 705 cyathis
1107 658 1185 692 vini
1204 656 1330 692 tribus

153 709 212 745 bis
235 708 314 752 die,
336 711 435 745 item
457 714 597 745 contra
617 708 859 752 inflationes,
882 715 924 745 et
946 709 1068 745 cruda
1089 709 1195 745 idem
1219 722 1331 758 prae-

153 768 247 798 stat.
303 775 419 799 sucus
454 762 596 798 radicis
633 763 793 798 auribus
828 762 1029 805 medetur,
1065 762 1331 812 opisthotonis

154 829 292 852 semen
332 815 530 852 drachmis
571 822 764 865 quattuor
804 829 894 852 cum
934 818 1073 865 pipere
1115 821 1157 852 et
1197 829 1330 852 murra

152 875 305 918 potum.
360 868 530 918 phthisis
553 875 669 905 sanat
691 875 733 905 et
752 868 996 919 plantaginis
1018 882 1148 913 sucus,
1169 872 1199 905 si
1221 870 1331 906 biba-

153 929 232 966 tur,
250 929 293 959 et
308 925 395 971 ipsa
410 922 578 959 decocta
593 925 634 958 in
651 923 739 959 cibo
755 922 793 965 23
825 936 875 959 ex
891 922 973 958 sale
991 928 1033 959 et
1050 922 1138 959 oleo
1155 935 1178 959 a
1193 936 1331 960 somno

153 978 354 1012 matutino
373 974 598 1025 refrigerat.
656 976 799 1012 eadem
819 976 938 1012 datur
957 979 1002 1012 iis
1024 989 1121 1025 quos
1143 976 1331 1025 atrophos

154 1035 298 1066 vocant
322 1031 569 1078 interpositis
595 1029 751 1073 diebus,
777 1032 982 1066 vettonica
1007 1042 1100 1066 vero
1124 1029 1330 1079 phthisicis

155 1082 369 1132 ecligmate
393 1095 483 1118 cum
508 1082 642 1126 melle,
666 1081 784 1119 fabae
809 1082 1104 1132 magnitudine,
1129 1085 1330 1132 agaricum

153 1142 295 1186 potum
316 1135 441 1172 obolis
462 1136 617 1172 duobus
638 1138 679 1172 in
701 1149 831 1185 passo,
853 1136 916 1172 vel
936 1136 1108 1172 daucum
1129 1149 1219 1172 cum
1240 1149 1330 1173 cen-

153 1192 284 1226 taurio
312 1192 462 1226 maiore
491 1192 531 1225 in
560 1192 663 1226 vino.
719 1189 1155 1239 phagedaenis—quod
1184 1203 1331 1226 nomen

153 1246 237 1279 sine
260 1243 380 1279 modo
404 1245 667 1279 esurientium
691 1249 766 1286 est,
791 1249 832 1279 et
856 1242 951 1279 alias
975 1242 1331 1293 ulcerum—tithy-

154 1296 263 1332 malli
281 1296 497 1333 medentur
517 1309 607 1332 cum
627 1299 791 1332 sesamis
811 1299 973 1345 sumpti.

205 1349 351 1386 LXIX.
383 1349 495 1386 Inter
521 1349 627 1386 mala
652 1352 826 1386 universi
852 1352 1025 1399 corporis
1053 1349 1210 1399 vigiliae
1237 1356 1331 1387 sunt

154 1403 367 1452 plerisque.
422 1402 564 1439 harum
616 1403 795 1439 remedio
845 1409 1093 1440 monstratur
1143 1416 1330 1452 panaces,

153 1456 370 1506 clymenos,
412 1456 664 1493 aristolochia
704 1456 825 1493 odore
867 1462 909 1493 et
948 1462 1143 1506 peruncto
1183 1459 1330 1506 capite,

204 1550 215 1568 ¹
240 1550 320 1581 folia
336 1550 399 1581 VR
415 1562 422 1581 :
453 1549 552 1581 solius
568 1550 596 1580 E
614 1550 696 1589 vulfs.
714 1562 721 1580 z
751 1560 822 1581 esse
837 1551 871 1580 in
888 1550 939 1581 his
955 1550 1036 1581 folia
1051 1550 1134 1581 coni.
1153 1550 1314 1590 Mayhoff.

158 1593 377 1676 Μῗαῇῖῗῇοοῢε.
407 1594 441 1623 in
473 1593 547 1624 cibo
558 1594 581 1632 ;]
621 1593 668 1624 sic
695 1603 732 1624 esc
759 1593 949 1624 Dioscorida
978 1593 1078 1633 (Eup.
1108 1592 1144 1623 ΙΙ
1171 1593 1225 1632 38)
1254 1593 1327 1624 dist.

185 1788 199 1802 ‘²
223 1783 438 1815 Dioscorides
469 1783 539 1823 (ΙΙΙ
571 1784 645 1822 116)
677 1783 846 1815 describes
875 1787 943 1814 two
973 1783 1073 1814 kinds
1103 1783 1142 1814 of
1168 1783 1326 1824 γεράνιον.

142 1826 189 1858 Of
201 1827 260 1858 the
276 1827 349 1857 first
365 1827 407 1857 he
423 1837 502 1867 says
526 1826 645 1867 φύλλον
671 1827 783 1867 ὅμοιον
809 1826 969 1867 ἀνεμώνῃ,
989 1826 1189 1867 ἐσχισμένον,
1207 1827 1328 1866 μακρό-

140 1882 232 1910 τερον
244 1869 287 1901 δέ.
335 1869 416 1900 This
431 1871 460 1901 is
473 1869 606 1910 Pliny’s
622 1870 746 1901 second
760 1870 855 1906 kind,
872 1870 941 1900 and
955 1869 1115 1900 divisuris
1131 1869 1328 1909 lonqioribus

143 1913 237 1944 looks
261 1923 297 1944 as
323 1912 454 1954 though
481 1913 522 1943 he
547 1913 803 1943 mistranslated
833 1912 1035 1953 ἐσχισμένον,
1060 1912 1258 1953 μακρότερον
1281 1912 1326 1949 δέ,

143 1956 254 1987 unless
284 1966 334 1986 we
362 1956 485 1987 emend
515 1956 627 1996 Pliny,
658 1956 726 1987 and
756 1956 837 1986 read
866 1956 995 1993 divisis,
1028 1955 1236 1995 longioribus.
1286 1955 1331 1987 Of

141 1999 270 2039 Pliny's
288 1999 361 2030 first
379 1999 473 2036 kind,
492 1999 551 2029 the
569 1999 693 2030 second
711 1999 750 2030 of
763 1999 999 2036 Dioscorides3
1030 1999 1089 2029 the
1107 1999 1210 2029 latter
1227 2008 1326 2039 says:

143 2041 259 2073 καυλία
283 2041 396 2078 λεπτά,
413 2041 552 2082 χνοώδη,
573 2041 764 2082 δισπίθαμα,
784 2041 887 2082 φύλλα
909 2041 1033 2083 μολόχῃ
1059 2041 1179 2082 ἐμφερῆ
1202 2040 1256 2073 καὶ
1279 2039 1329 2072 ἐπ’

150 2105 221 2153 346
