1459 2288
137 582 178 612 94

138 1612 178 1639 95

409 153 602 189 PLINY:
648 151 910 189 NATURAL
944 150 1179 188 HISTORY

201 255 365 292 effectus
392 257 530 291 statim
558 253 818 304 intellegitur.
873 253 1121 290 dictamnum
1149 254 1255 289 enim
1282 255 1379 288 min-

203 323 282 356 ima
299 322 461 368 potione
479 318 663 355 accendit
679 332 733 355 os.
790 320 857 367 qui
874 317 1008 367 legere
1027 330 1092 354 eas
1110 320 1150 353 in
1167 316 1294 353 ferula
1311 322 1381 353 aut

202 383 424 420 harundine
441 383 617 419 condunt
633 382 938 432 praeligantque
955 394 1005 418 ne
1021 383 1204 431 potentia
1220 393 1381 417 evanes-

203 454 279 484 cat.
335 453 428 484 sunt
460 450 527 497 qui
559 447 695 484 dicant
726 452 938 495 utramque
971 448 1078 482 nasci
1109 445 1380 488 multifariam,

204 512 274 548 sed
294 511 512 548 deteriores
533 514 573 547 in
594 513 697 561 agris
717 511 946 560 pinguibus,
967 523 1101 546 veram
1121 509 1283 559 quidem
1302 509 1382 546 dic-

206 582 388 613 tamnum
403 577 417 599 1
440 589 519 612 non
545 578 619 611 nisi
638 578 678 611 in
699 577 859 624 asperis.
915 580 977 611 est
997 580 1039 611 et
1064 576 1230 610 tertium
1256 586 1382 623 genus

204 640 452 677 dictamnum
478 645 676 683 vocatum,
702 639 772 676 sed
797 651 928 688 neque
954 637 1054 674 facie
1079 650 1210 687 neque
1237 636 1380 674 effectu

204 704 345 748 simile,
372 703 466 741 folio
494 704 689 754 sisymbri,
716 706 833 739 ramis
860 703 1087 746 maioribus,
1113 702 1381 752 praecedente

204 771 459 819 persuasione
488 768 557 804 illa
585 767 773 817 quicquid
800 770 840 803 in
869 767 989 804 Creta
1017 772 1201 803 nascatur
1228 765 1382 802 infinito

205 839 409 882 praestare
457 835 600 869 ceteris
649 832 828 869 eiusdem
876 833 1032 881 generis
1082 831 1175 867 alibi
1222 832 1381 881 genitis,

205 900 384 947 proxime
413 897 519 946 quod
546 900 585 933 in
614 895 798 933 Parnaso.
853 896 1000 945 alioqui
1026 894 1269 932 herbiferum
1297 906 1382 931 esse

204 967 246 998 et
279 959 435 997 Pelium
467 967 646 997 montem
680 963 719 996 in
752 960 957 996 Thessalia
989 966 1031 996 et
1063 959 1310 996 Telethrium
1341 961 1382 995 in

204 1025 371 1061 Euboea
400 1031 441 1062 et
468 1031 596 1061 totam
625 1025 839 1061 Arcadiam
867 1037 911 1060 ac
940 1023 1176 1060 Laconicam
1203 1023 1382 1066 tradunt,

204 1090 380 1126 Arcades
415 1090 577 1139 quidem
612 1103 689 1125 non
722 1089 1051 1125 medicaminibus
1084 1091 1143 1125 uti
1176 1087 1247 1124 sed
1278 1087 1382 1124 lacte

204 1157 306 1190 circa
322 1167 402 1197 ver,
418 1157 606 1203 quoniam
621 1160 708 1190 tum
723 1156 896 1189 maxime
912 1155 1013 1189 sucis
1028 1152 1176 1189 herbae
1192 1157 1382 1202 turgeant

204 1219 534 1267 medicenturque
556 1219 679 1254 ubera
705 1220 871 1267 pascuis.
927 1218 1071 1254 bibunt
1097 1223 1234 1253 autem
1260 1219 1383 1252 vacci-

205 1297 314 1326 num,
345 1285 533 1331 quoniam
562 1283 683 1319 boves
713 1284 904 1318 omnivori
934 1281 1017 1318 fere
1047 1287 1140 1318 sunt
1169 1283 1209 1317 in
1237 1280 1381 1317 herbis.

206 1350 389 1396 potentia
419 1360 555 1383 earum
585 1360 655 1396 per
685 1346 950 1396 quadripedes
982 1348 1201 1382 etiamnum
1230 1345 1383 1382 duobus

206 1411 319 1447 claris
361 1410 554 1460 exemplis
595 1409 808 1447 manifesta
848 1410 904 1447 fit.
959 1413 1061 1446 circa
1100 1409 1303 1446 Abderam
1343 1415 1385 1445 et

206 1476 373 1512 limitem
411 1478 478 1524 qui
517 1475 724 1511 Diomedis
762 1480 924 1511 vocatur
962 1477 1054 1524 equi
1091 1477 1193 1523 pasti
1231 1474 1383 1510 inflam-

205 1546 366 1576 mantur
384 1540 508 1583 rabie,
528 1543 629 1575 circa
648 1537 809 1576 Potnias
830 1552 921 1575 vero
941 1545 983 1575 et
1002 1541 1112 1575 asini.

256 1603 347 1640 LIV
352 1633 358 1640 .
383 1604 493 1640 Inter
507 1603 768 1640 nobilissimas
783 1602 1056 1640 aristolochiae
1070 1615 1214 1639 nomen
1227 1603 1384 1639 dedisse

203 1668 390 1718 gravidae
417 1668 614 1711 videntur,
639 1670 825 1717 quoniam
850 1673 956 1704 esset
979 1662 1124 1716 ἀρίστη
1150 1663 1383 1717 λεχούσαις.

206 1735 329 1769 nostri
353 1732 503 1769 malurn
526 1738 657 1769 terrae
681 1738 824 1768 vocant
848 1737 889 1768 et
913 1737 1104 1781 quattuor
1126 1743 1275 1781 genera
1299 1733 1382 1767 eius

404 1828 413 1845 ¹
440 1827 653 1859 dictamnum
669 1826 827 1866 fios-sema
843 1836 910 1856 esse
924 1829 1019 1865 putat
1036 1825 1199 1866 Mayhoff.

250 1973 264 1987 ⁴²
289 1968 345 2042 Ors
379 1968 411 2023 if⁷
435 1968 616 1999 etiamnum
647 1979 727 2010 goes
758 1967 840 1998 with
872 1967 1008 2004 duobus,
1043 1966 1061 1978 ‘⁴
1078 1966 1123 2008 by
1156 1971 1223 1998 two
1255 1966 1387 1998 further

203 2023 328 2052 examp
343 2023 388 2043 es,

208 2084 276 2118 204
