1459 2288
109 403 149 434 36

110 881 148 911 37

377 136 571 173 PLINY:
617 135 879 172 NATURAL
913 134 1150 172 HISTORY

174 238 308 289 calyce
322 251 330 282 3
346 238 361 261 1
397 241 570 275 nascitur
591 240 631 273 in
653 237 824 274 Galatia.
878 237 1042 287 vulgare
1063 242 1199 273 autem
1221 236 1353 273 candi-

174 293 261 329 dius
284 297 344 328 est
365 297 407 328 et
426 291 664 334 fruticosius,
685 290 802 327 altius
823 303 1032 339 papavere.
1087 292 1195 326 tertii
1216 303 1352 326 semen

175 348 306 382 irionis
335 347 474 381 semini
503 343 642 387 simile,
670 344 741 381 sed
768 346 900 380 omnia
926 345 1119 380 insaniam
1146 345 1353 392 gignentia

175 401 395 448 capitisque
425 400 652 447 vertigines.
707 403 894 446 quartum
923 409 1048 446 genus
1078 395 1212 439 molle,
1241 395 1353 432 lanu-

174 454 370 501 ginosum,
397 453 582 500 pinguius
609 453 765 493 ceteris,
791 450 949 486 candidi
975 452 1147 492 seminis,
1173 451 1213 485 in
1238 451 1352 485 mari-

174 507 282 541 timis
333 517 509 541 nascens.
563 503 637 540 hoc
686 516 873 552 recepere
924 503 1080 546 medici,
1131 505 1230 538 item
1279 501 1353 538 rufi

175 559 348 594 seminis.
403 570 702 605 nonnumquam
727 562 863 593 autem
886 556 1101 592 candidum
1124 553 1300 598 rufescit,
1323 557 1353 590 si

175 624 252 647 non
277 613 507 653 ematuruit,
528 610 854 659 inprobaturque,
877 615 919 645 et
940 608 1086 658 alioqui
1107 608 1260 644 nullum
1282 610 1354 644 nisi

175 677 265 700 cum
297 666 443 700 inaruit
475 662 633 713 legitur.
688 669 831 699 natura
862 664 941 698 vini
974 662 1143 711 ideoque
1175 667 1353 698 mentem

177 723 377 766 caputque
402 715 606 753 infestans.
661 729 753 752 usus
779 718 937 752 seminis
965 721 1006 751 et
1030 728 1102 764 per
1127 727 1168 751 se
1195 720 1236 751 et
1261 727 1354 750 suco

176 783 374 820 expresso.
430 772 665 819 exprimitur
698 771 913 818 separatim
948 774 989 805 et
1023 767 1200 804 caulibus
1234 767 1355 804 foliis-

176 836 265 872 que.
323 829 491 859 utuntur
512 829 553 859 et
572 823 717 866 radice,
733 824 945 858 temeraria
964 824 1004 858 in
1023 827 1168 864 totum,
1188 826 1234 857 ut
1254 821 1354 857 arbi-

177 882 271 920 tror,
294 876 501 913 medicina.
556 878 702 925 quippe
729 878 849 912 etiam
873 874 973 911 foliis
997 880 1153 911 constat
1175 879 1353 910 mentem

177 932 387 979 corrumpi,
407 932 437 965 si
456 929 571 978 plura
590 942 709 978 quam
729 934 919 977 quattuor
938 928 1099 971 bibant3
1131 927 1325 963 bibebant
1341 926 1356 949 2

178 986 299 1019 etiam
339 985 490 1031 antiqui
530 985 570 1018 in
608 985 698 1018 vino
736 981 878 1018 febrim
917 980 1065 1030 depelli
1103 981 1353 1017 arbitrantes.

177 1036 308 1072 oleum
330 1036 374 1072 fit
396 1049 444 1072 ex
466 1038 630 1078 semine,
651 1041 696 1071 ut
716 1035 900 1078 diximus,
922 1034 1027 1083 quod
1047 1036 1177 1083 ipsum
1197 1033 1355 1070 auribus

178 1088 353 1125 infusum
379 1094 555 1138 temptat
580 1094 773 1131 mentem,
799 1090 978 1137 mireque
1005 1093 1050 1123 ut
1076 1093 1212 1123 contra
1238 1099 1355 1123 vene-

176 1156 270 1179 num
294 1142 470 1178 remedia
493 1142 703 1191 prodidere
726 1144 771 1178 iis
795 1144 861 1190 qui
884 1141 924 1177 id
947 1141 1140 1177 bibissent
1163 1146 1205 1176 et
1227 1142 1356 1189 ipsum

175 1209 246 1245 pro
277 1195 474 1238 remediis,
507 1195 607 1231 adeo
637 1194 746 1231 nullo
777 1196 908 1231 omnia
940 1193 1170 1243 experiendi
1202 1193 1279 1230 fine
1311 1199 1356 1229 ut

176 1254 366 1299 cogerent
383 1249 398 1271 3
419 1251 539 1284 etiam
562 1261 714 1284 venena
733 1248 931 1297 prodesse.

228 1328 240 1346 1
265 1328 400 1368 spinoso
420 1327 533 1368 calyce
552 1337 628 1367 eqo:
660 1328 835 1367 spinosum
854 1325 955 1357 calice
974 1325 1131 1366 Mayhoff
1142 1338 1148 1356 :
1181 1326 1356 1366 spinosum

182 1370 304 1401 —talis
321 1374 376 1402 etc.
394 1370 557 1410 Detlefsen
573 1382 580 1400 ε
611 1370 785 1410 spinosum
802 1369 880 1400 talis
897 1372 953 1399 aut
969 1368 1038 1400 tale
1054 1368 1142 1399 codd.

229 1415 241 1432 2
266 1413 430 1444 bibebant
469 1423 522 1453 eqo
561 1412 698 1443 addidi:
751 1412 904 1443 lacunam
943 1411 1068 1443 indicat
1104 1411 1222 1449 Ianus,
1262 1421 1355 1451 quem

182 1457 326 1497 sequitur
344 1456 507 1497 stlayhoff,
525 1456 581 1496 qui
598 1460 652 1487 tot
670 1456 740 1486 bibi
757 1455 923 1486 iubebant
940 1455 1091 1495 supplere
1108 1454 1210 1486 malit.
1251 1454 1354 1486 Brak-

183 1510 262 1531 man
277 1510 400 1539 quoque
418 1500 649 1539 (Mnemosyne
669 1500 763 1537 1930)
783 1498 948 1529 bibebant
965 1498 1049 1529 coni.

226 1542 240 1561 ³
263 1545 421 1582 cogerent
454 1541 583 1572 lanus:
632 1545 756 1582 cogant
790 1540 964 1581 Mayhoff:
1012 1542 1212 1581 cogerentur
1244 1539 1353 1580 vul9.:

183 1589 316 1626 cogeret
332 1584 420 1616 codd.

224 1704 238 1718 ⁶
261 1700 445 1740 Mayhoff's
482 1699 700 1731 emendation
738 1709 806 1730 was
844 1698 1024 1739 suggested
1060 1698 1106 1739 by
1143 1697 1356 1729 Dioscorides

181 1743 239 1774 IV.
256 1744 320 1774 68:
350 1742 368 1774 ὁ
383 1742 442 1783 μὲν
460 1743 522 1783 γὰρ
546 1767 553 1773 .
581 1767 587 1773 .
614 1766 621 1773 .
647 1742 735 1782 φέρει
760 1766 768 1773 .
794 1766 802 1773 .
829 1766 835 1772 .
860 1743 934 1775 τούς
956 1740 1102 1775 κυτίνους
1121 1740 1281 1781 σκληροὺς
1302 1742 1356 1773 καὶ

181 1785 387 1819 ἀκανθώδεις.
435 1785 452 1816 Ι
469 1785 567 1821 have,
585 1785 752 1821 however,
769 1784 907 1825 slightly
923 1784 1052 1815 altered
1064 1783 1123 1815 the
1135 1784 1355 1815 emendation

180 1830 248 1859 and
266 1829 325 1859 the
342 1829 584 1860 construction.

222 1870 234 1890 ⁶
257 1871 299 1902 In
329 1871 688 1912 pseudo-Dioscorides
724 1869 834 1902 ι’νσάνα
868 1871 896 1900 is
929 1870 1029 1910 given
1060 1879 1097 1900 as
1127 1869 1186 1900 the
1220 1869 1354 1901 Roman

180 1925 278 1946 name
294 1914 346 1945 for
367 1914 602 1954 hyoscyamos.
649 1913 729 1944 This
744 1913 772 1944 is
787 1913 846 1944 the
861 1923 981 1943 reason
996 1912 1074 1953 why
1090 1912 1107 1942 I
1123 1922 1178 1943 am
1195 1911 1355 1944 doubtful

180 1957 287 1988 about
300 1957 359 1988 the
373 1961 449 1988 text
463 1957 500 1988 of
517 1958 531 1996 ξ,
545 1958 585 1988 35
601 1956 637 1986 in
651 1956 758 1986 initio.

226 2004 237 2019 ⁶
260 2000 373 2031 Etiam
389 2012 395 2031 :
428 1999 446 2011 ‘⁶
461 2010 545 2031 even
561 1998 693 2040 though
709 1999 737 2030 it
751 1999 779 2029 is
795 2008 832 2030 so
848 1996 1071 2039 dangerous.’'

182 2062 246 2097 162
