1459 2288
91 638 146 668 131

92 1326 150 1355 132

91 1503 148 1533 133

373 179 569 217 PLINY:
616 181 880 218 NATURAL
914 181 1151 218 HISTORY

172 283 374 319 scabritias
398 290 512 320 sanat
535 296 584 319 ex
606 296 721 332 passo
743 284 868 320 tribus
891 284 1015 321 obolis
1037 287 1141 334 potis
1163 287 1259 321 trita
1281 292 1351 322 aut

172 341 384 377 decoctum
416 344 511 378 eius.
565 341 740 378 lichenas
771 355 929 392 quoque
961 355 1009 379 ex
1041 348 1155 379 aceto
1183 345 1355 393 inposita

175 406 333 449 purgat.
389 400 539 436 bibitur
569 406 708 437 contra
738 400 962 437 inflationes
994 407 1036 438 et
1066 400 1354 450 perfrictiones,

173 457 304 494 febres
332 456 509 507 frigidas,
537 458 750 508 singultus,
776 461 961 502 tormina,
987 458 1188 509 herpetas,
1215 462 1354 509 capitis

172 519 404 566 gravitateS,
449 517 753 554 melancholicas
800 520 1028 567 vertigines,
1073 518 1352 555 lassitudinum

171 575 325 612 dolores
346 581 386 612 et
405 576 688 612 convolsiones.

222 633 323 670 CVI.
353 634 466 671 Circa
493 635 715 671 Ariminum
742 641 838 671 nota
865 641 925 672 est
950 634 1075 671 herba
1101 648 1220 685 quam
1246 649 1350 673 rese-

171 692 263 728 dam
279 699 433 729 vocant.
489 692 651 730 discutit
667 692 921 730 collectiones
936 693 1350 744 inflammationesque

170 764 318 787 omnes.
374 754 440 801 qui
463 758 602 788 curant
627 765 674 788 ea
697 751 851 788 addunt
872 751 972 788 haec
994 752 1138 789 verba:

321 829 490 873 Reseda,
513 830 658 866 morbis
678 829 831 873 reseda,

329 892 467 931 scisne,
488 892 613 925 scisne
635 892 720 938 quis
740 888 802 925 hic
822 888 952 938 pullus
975 891 1103 939 egerit
1122 889 1300 926 radices?

325 960 398 983 nec
418 953 538 996 caput
558 960 632 984 nec
652 946 776 996 pedes
796 947 957 984 habeat.

174 1027 272 1064 haec
292 1036 354 1064 ter
375 1028 512 1064 dicunt
532 1031 761 1077 totiensque
782 1027 995 1077 despuunt.

221 1086 344 1123 CVII.
374 1086 563 1123 Stoechas
583 1089 623 1123 in
643 1086 779 1123 insulis
800 1093 960 1123 tantum
982 1086 1161 1124 eiusdem
1181 1090 1348 1124 nominis

171 1148 360 1195 gignitur,
389 1145 555 1182 odorata
581 1145 706 1182 herba
733 1158 845 1182 coma
871 1145 1026 1195 hysopi,
1054 1159 1189 1182 amara
1215 1152 1348 1196 gustu.

171 1217 327 1241 menses
356 1207 435 1241 ciet
464 1210 575 1253 potu,
604 1207 775 1254 pectoris
804 1203 958 1241 dolores
987 1204 1106 1241 levat.
1162 1204 1352 1241 antidotis

173 1276 330 1312 quoque
349 1266 548 1299 miscetur.

222 1321 367 1358 CVIII.
398 1321 585 1358 solanum
608 1321 748 1358 Graeci
769 1317 971 1371 σ’τρυχνόν
989 1328 1146 1365 vocant,
1162 1328 1208 1359 ut
1227 1322 1352 1359 tradit

171 1380 374 1417 Cornelius
403 1380 552 1417 Celsus.
606 1380 696 1417 huic
723 1383 779 1416 vis
805 1380 1047 1430 reprimendi
1074 1379 1352 1430 refrigerandi-

171 1453 260 1489 que.

220 1498 323 1535 CIX.
354 1498 563 1548 Smyrnion
588 1498 742 1535 caulem
765 1498 889 1534 habet
912 1501 1004 1547 apii,
1028 1497 1123 1535 folia
1145 1497 1286 1535 latiora
1310 1504 1351 1536 et

170 1560 344 1594 maxime
362 1560 463 1593 circa
481 1556 656 1593 stolones
674 1556 820 1593 multos
839 1570 1006 1606 quorum
1025 1570 1047 1593 a
1064 1559 1150 1593 sinu
1170 1556 1352 1601 exiliunt,

170 1619 332 1665 pinguia
359 1622 401 1652 et
428 1615 477 1652 ad
504 1622 652 1652 terram
678 1614 860 1658 infracta,
888 1615 1008 1652 odore
1035 1615 1234 1652 medicato
1261 1628 1350 1652 cum

170 1675 342 1724 quadarn
364 1677 577 1711 acrimonia
596 1674 781 1718 iucundo,
802 1674 932 1710 colore
952 1676 992 1710 in
1012 1673 1168 1711 luteum
1188 1674 1351 1724 langue-

212 1790 278 1820 “A
295 1800 365 1830 pun
382 1800 425 1821 on
442 1789 502 1820 the
518 1800 611 1820 noun
627 1789 696 1820 and
712 1788 771 1820 the
787 1789 881 1820 verb.

214 1832 226 1851 ὓ
250 1832 463 1863 Dioscorides
479 1843 557 1872 says
573 1831 704 1872 thyme‚
716 1831 771 1862 III
788 1832 848 1863 26:
875 1831 989 1871 ὁμοίαν
1001 1831 1120 1872 ἔχουσα
1133 1832 1223 1873 θύμῳ
1236 1832 1351 1874 κόμην,

168 1875 230 1906 but
247 1876 397 1908 ὔσσωπος
418 1885 536 1906 occurs
556 1885 577 1905 a
592 1875 657 1905 few
672 1874 782 1905 words
799 1874 894 1905 later.
942 1874 1002 1905 See
1025 1874 1096 1905 also
1120 1874 1179 1905 the
1202 1878 1283 1906 note
1307 1886 1350 1906 on

167 1929 310 1991 σωηῖθξ
315 1919 419 1991 5321<
434 1960 471 1991 H
487 1961 539 1992 33.
586 1960 627 1991 In
643 1959 740 1991 Book
757 1959 804 1991 VI
819 1959 850 1996 6,
867 1960 886 1990 2
909 1958 1024 1990 Celsus
1045 1959 1168 2001 speaks
1189 1959 1228 1990 of
1245 1959 1347 1991 medi-

169 2007 316 2034 camenta
330 2003 554 2043 reprimentia.

213 2045 227 2064 ‘¹
250 2046 400 2087 Perhaps
420 2045 438 2057 ‘⁴
454 2044 623 2087 parsley.”

169 2113 240 2149 470
