1459 2288
153 803 210 833 145

154 1176 211 1206 146

435 159 629 196 PLINY:
675 158 938 195 NATURAL
971 157 1208 195 HISTORY

237 263 286 300 ad
318 265 449 299 omnia
479 275 628 311 genera
658 261 721 297 vel
751 260 983 297 callosorum
1014 262 1410 309 putrescentiumque

237 317 411 353 ulcerum
430 314 537 351 facit.
591 317 797 351 manantia
814 313 1065 364 nymphaeae
1083 313 1279 349 heracliae
1298 313 1409 349 radix

237 376 364 413 sanat,
380 372 478 406 item
496 368 702 418 cyclamini
719 368 830 404 radix
847 367 910 403 vel
925 380 997 416 per
1012 380 1054 403 se
1071 366 1134 403 vel
1151 379 1199 402 ex
1217 372 1331 402 aceto
1347 366 1409 402 vel

237 436 326 459 cum
363 422 494 458 melle.
550 421 691 458 eadem
729 427 770 457 et
807 426 944 456 contra
981 425 1223 456 steatomata
1260 419 1410 462 efficax,

237 479 337 512 sicut
353 476 403 512 ad
418 475 550 511 ulcera
563 477 768 510 manantia
782 473 991 523 hysopum,
1006 476 1104 510 item
1119 472 1410 522 peucedanum,

238 535 280 566 et
313 529 362 566 ad
394 531 572 565 recentia
604 527 766 564 volnera
797 529 853 563 vis
885 533 1002 563 tanta
1034 532 1095 563 est
1128 532 1173 563 ut
1205 539 1412 575 squamam

237 583 387 619 ossibus
440 581 637 618 extrahat.
692 586 899 630 praestant
949 580 1023 616 hoc
1075 585 1116 616 et
1167 579 1412 629 anagallides

237 635 505 685 cohibentque
540 648 637 684 quas
671 640 814 670 vocant
847 646 983 670 nomas
1018 639 1060 669 et
1092 632 1412 675 rheumatismos,

237 689 355 726 utiles
377 695 419 725 et
439 689 665 725 recentibus
685 688 825 737 plagis,
847 687 916 723 sed
937 689 1148 736 praecipue
1170 699 1310 722 senum
1331 698 1412 722 cor-

237 745 334 792 pori.
389 755 478 778 cum
504 747 638 778 cerato
664 746 915 790 apostemata
940 746 982 776 et
1007 739 1139 776 ulcera
1164 745 1295 776 taetra
1319 737 1414 775 folia

237 796 524 845 mandragorae
549 797 739 837 recentia,
764 793 876 830 radix
901 793 1062 830 volnera
1085 806 1175 829 cum
1200 792 1318 828 melle
1343 798 1413 828 aut

238 849 339 892 oleo,
361 852 490 885 cicuta
511 861 600 884 cum
624 848 778 897 siligine
802 850 929 883 mixta
951 860 1074 889 mero,
1096 849 1249 882 aizoum
1272 845 1412 894 herpe-

239 909 301 939 tas
324 915 482 951 quoque
507 915 550 938 ac
573 914 710 937 nomas
734 913 778 937 ac
801 902 1085 949 putrescentia,
1109 902 1209 936 sicut
1232 901 1413 948 erigeron

240 959 475 999 verminosa,
496 957 673 991 recentia
694 961 830 991 autem
850 953 1012 990 volnera
1033 953 1219 1002 astragali
1238 952 1350 989 radix
1372 958 1414 988 et

237 1015 376 1045 vetera
417 1009 550 1045 ulcera
597 1021 698 1057 quae
745 1013 891 1057 purgat
937 1006 1180 1056 hypocisthis
1227 1012 1409 1054 utraque.

238 1062 482 1111 leontopodii
513 1075 649 1098 semen
680 1063 820 1097 tritum
850 1063 891 1096 in
923 1073 1027 1109 aqua
1058 1065 1099 1096 et
1129 1073 1218 1096 cum
1250 1059 1414 1108 polenta

237 1116 395 1152 inlitum
418 1115 567 1165 spicula
589 1117 826 1164 sagittarum
850 1113 1038 1156 extrahit,
1060 1116 1159 1150 item
1181 1114 1413 1162 pycnocomi

239 1182 387 1206 semen.
441 1168 691 1218 tithymallus
741 1167 958 1204 characites
1008 1180 1100 1203 suco
1149 1178 1412 1216 gangraenas,

238 1222 536 1272 phagedaenas,
582 1224 715 1271 putria
760 1221 823 1257 vel
869 1221 1033 1257 decocto
1080 1233 1278 1256 ramorum
1325 1232 1414 1255 cum

238 1276 402 1326 polenta
418 1282 459 1312 et
474 1275 575 1318 oleo,
591 1274 716 1311 orchis
731 1274 882 1310 radices
896 1273 970 1310 hoc
986 1273 1153 1322 amplius
1169 1279 1211 1310 et
1225 1271 1414 1309 cacoethe

239 1343 328 1366 cum
343 1329 476 1372 melle,
492 1331 616 1364 siccae
634 1334 675 1364 et
689 1333 871 1364 recentes
887 1340 957 1376 per
973 1340 1014 1363 se
1030 1326 1206 1370 vulnera,
1222 1325 1415 1362 onothera

240 1382 446 1419 efferantia
497 1395 582 1418 sese
633 1381 766 1417 ulcera
816 1387 942 1417 sanat.
997 1379 1169 1430 Scythae
1219 1378 1414 1416 vulnera1

239 1436 424 1486 Scythica
470 1441 621 1471 curant.
677 1435 727 1471 ad
774 1437 1039 1470 carcinomata
1086 1435 1316 1483 argemonia
1363 1445 1413 1469 ex

238 1490 358 1526 melle
379 1490 646 1525 efficacissima
666 1494 739 1524 est.
794 1487 988 1524 ulceribus
1009 1489 1254 1536 praesanatis
1275 1485 1415 1535 aspho-

238 1543 319 1580 deli
342 1543 454 1579 radix
479 1542 645 1579 decocta
670 1547 715 1578 ut
739 1541 924 1584 diximus,
949 1543 1045 1577 trita
1069 1553 1159 1577 cum
1184 1539 1348 1589 polenta
1373 1545 1415 1576 et

240 1622 299 1695 IXl
313 1621 464 1703 lgulpfra
495 1620 607 1652 codd.:
652 1619 763 1651 ulcera
799 1618 955 1660 Mayhoff
988 1629 1026 1650 ex
1059 1617 1279 1658 Theophrasto
1311 1617 1413 1656 (H.P.

279 1778 293 1792 ⁶
316 1773 418 1804 From
436 1772 582 1813 herpetas
599 1776 636 1804 to
652 1771 870 1812 putrescentia
887 1782 967 1812 may
985 1770 1027 1802 be
1045 1770 1240 1802 considered
1257 1781 1278 1801 a
1294 1780 1412 1810 paren-

240 1817 344 1848 thesis
360 1829 366 1847 :
409 1816 428 1828 ‘⁶
443 1816 606 1856 —herpes
632 1819 702 1852 too,
729 1825 851 1846 nomae
878 1815 946 1845 and
972 1813 1136 1854 festering
1157 1812 1325 1844 sores—.”
1372 1812 1412 1843 In

236 1863 326 1890 most
340 1859 377 1890 of
386 1859 454 1890 this
468 1859 608 1898 chapter
620 1859 775 1889 however
787 1858 845 1888 the
858 1861 1032 1888 sentences
1045 1867 1100 1887 are
1113 1856 1237 1887 almost
1248 1855 1412 1892 formless,

237 1903 305 1933 and
321 1903 419 1933 resist
435 1901 552 1933 efforts
569 1905 605 1931 to
622 1901 722 1932 make
738 1901 833 1931 them
851 1899 1002 1931 conform
1018 1903 1056 1930 to
1071 1899 1130 1930 the
1146 1898 1288 1930 normal.

284 1945 295 1964 ⁶
318 1945 474 1985 Mayhoff
483 1955 564 1985 may
575 1943 616 1974 be
628 1944 719 1983 right
731 1945 765 1974 in
777 1943 916 1983 reading
928 1942 1037 1973 ulcera
1048 1942 1135 1972 from
1147 1941 1411 1982 Theophrastus.

237 1988 283 2018 As
302 1988 457 2018 however
475 1987 534 2018 the
552 1986 645 2017 MSS.
666 1987 753 2017 have
773 1985 916 2022 vulnera,
936 1985 1047 2026 Pliny,
1066 1984 1181 2015 rather
1199 1984 1289 2015 loose
1306 1985 1341 2015 in
1359 1983 1412 2014 his

238 2030 430 2071 renderings
447 2030 485 2060 of
497 2030 548 2060 his
566 2029 674 2060 Greek
691 2029 903 2065 authorities,
920 2027 1088 2069 probably
1104 2029 1208 2058 wrote
1224 2028 1262 2058 it.

240 2103 308 2139 372
