1459 2288
145 387 186 417 65

145 759 184 790 66

144 1080 183 1110 67

416 169 611 207 PLINY:
656 170 920 208 NATURAL
953 170 1188 208 HISTORY

214 275 312 311 oleo.
367 274 540 311 inlinunt
570 280 611 311 et
638 274 812 311 lichenas
840 288 946 318 suco,
975 275 1198 324 bibuntque
1227 288 1319 312 eum
1347 281 1392 313 ut

213 333 360 378 purget
400 330 615 364 vomitione
657 334 699 365 et
738 328 826 365 alvo
866 328 1010 371 soluta,
1051 328 1147 364 alias
1188 328 1391 365 stomacho

213 381 407 417 inutilem.
462 380 586 418 trahit
605 384 794 431 pituitam
815 381 896 418 sale
918 381 1056 418 addito
1076 384 1116 418 in
1137 388 1249 431 potu,
1269 382 1389 418 bilem

213 434 456 483 aphronitro,
482 437 513 471 si
539 448 610 484 per
636 435 767 471 alvum
792 437 951 485 purgari
976 435 1114 479 libeat,
1136 437 1178 471 in
1202 448 1334 484 posca,
1359 438 1390 472 si

214 490 442 531 vomitione,
472 491 513 524 in
543 501 658 538 passo
690 495 760 525 aut
791 501 895 538 aqua
924 488 1062 525 mulsa.
1117 488 1252 525 media
1281 491 1391 538 potio

212 541 338 578 tribus
354 541 479 578 obolis
495 541 624 578 datur.
681 542 771 578 ficos
789 555 811 578 a
827 542 914 578 cibo
930 544 1142 591 sumpsisse
1158 541 1299 578 melius
1316 548 1389 579 est.

212 593 346 631 fauces
365 597 445 631 urit
462 594 620 639 leniter,
640 601 700 632 est
721 598 826 632 enim
846 601 930 632 tam
949 594 1139 632 ferventis
1159 600 1327 632 naturae
1346 601 1391 632 ut

212 661 283 697 per
305 661 347 684 se
372 654 486 685 extra
509 652 659 698 corpori
684 651 856 698 inposita
872 648 886 671 1
907 648 1068 698 pusulas
1093 651 1245 698 ignium
1271 648 1390 685 modo

213 700 334 738 faciat
355 707 396 738 et
415 715 486 750 pro
506 705 679 738 caustico
699 705 739 738 in
759 715 832 739 usu
852 705 914 738 sit.

262 754 346 791 XL.
377 754 560 792 Alterum
575 769 701 805 genus
716 755 933 806 tithymalli
947 758 1139 805 myrtiten
1155 760 1310 799 vocant,
1327 755 1391 792 alii

211 811 403 858 caryiten,
443 807 544 845 foliis
583 812 703 859 myrti
745 812 869 845 acutis
913 814 955 845 et
997 809 1281 858 pungentibus,
1321 808 1391 845 sed

212 862 454 905 maioribus,²
481 868 523 899 et
542 865 671 911 ipsum
694 865 734 898 in
755 865 902 911 asperis
922 875 1098 898 nascens.
1153 861 1391 912 colliguntur

212 928 348 952 comae
370 918 452 952 eius
471 915 620 952 hordeo
640 922 897 966 turgescente
917 918 1169 965 siccataeque
1189 918 1229 951 in
1249 916 1389 952 umbra

210 968 350 1005 diebus
368 982 510 1005 novem
527 972 567 1005 in
585 969 666 1006 sole
682 972 923 1006 inarescunt.
978 968 1128 1005 fructus
1146 982 1225 1005 non
1242 971 1391 1018 pariter

210 1025 456 1066 maturescit,
479 1023 549 1059 sed
570 1036 659 1072 pars
683 1036 786 1060 anno
808 1028 1018 1072 sequente,
1041 1028 1083 1059 et
1104 1035 1186 1058 nux
1209 1028 1384 1059 vocatur.

210 1075 303 1112 inde
345 1089 565 1126 cognomen
609 1076 749 1113 Graeci
792 1076 951 1113 dedere.
1007 1076 1227 1112 demetitur
1268 1089 1358 1112 cum
1373 1076 1389 1099 3

210 1132 398 1165 messium
427 1132 662 1166 maturitate
692 1130 941 1179 lavaturque,
971 1129 1118 1166 deinde
1148 1132 1318 1166 siccatur
1347 1135 1389 1166 et

210 1182 329 1219 datur
350 1196 440 1220 cum
461 1186 668 1232 papaveris
690 1186 791 1234 nigri
813 1183 968 1220 duabus
990 1183 1171 1232 partibus
1192 1185 1250 1219 ita
1271 1188 1317 1219 ut
1338 1185 1390 1220 sit

209 1241 341 1272 totum
363 1237 561 1273 acetabuli
582 1237 737 1281 modus,
757 1240 886 1273 minus
907 1236 969 1273 hic
990 1238 1219 1273 vomitorius
1232 1236 1248 1259 4
1269 1249 1388 1285 quam

209 1292 399 1339 superior,
412 1293 535 1327 ceteri
547 1291 676 1327 item.5
725 1290 845 1340 aliqui
858 1292 911 1327 sic
925 1296 966 1327 et
979 1289 1116 1327 folium
1130 1293 1212 1327 eius
1226 1289 1388 1333 dedere,

262 1397 274 1416 1
297 1398 445 1438 inposita
461 1398 528 1429 cod.
546 1409 577 1434 a,
594 1398 758 1438 Detlessen
773 1411 779 1429 ε
810 1399 978 1439 inpositus
995 1396 1152 1437 Mayhoff
1163 1409 1169 1428 :
1200 1397 1388 1438 inpositum

214 1439 358 1480 plerique
374 1441 475 1477 codd„
492 1441 576 1480 ταῖς.

259 1484 271 1502 ²
295 1483 480 1536 maioribus
501 1494 516 1514 e
538 1483 728 1532 Dioscorida
750 1483 799 1514 IV
823 1484 884 1514 164
909 1482 1026 1523 (φύλλα.
1051 1507 1058 1514 .
1085 1507 1092 1514 .
1120 1507 1127 1514 .
1154 1481 1255 1522 μείζω
1280 1481 1314 1514 δὲ
1335 1480 1388 1514 καὶ

214 1526 534 1609 ‘'⁷3¹'2‘ss3132023122134
550 1525 1267 1610 023¹?3323&ssdeAEf‘lfdo'zfssff'oazesm.

258 1612 271 1630 ⁴¹
295 1613 495 1643 vomitorius
528 1612 564 1643 C.
597 1612 638 1643 F.
676 1612 722 1643 W.
757 1612 891 1649 Μῑὶίἷεν,
925 1611 1082 1652 Maykoff
1092 1623 1098 1642 :
1139 1610 1384 1642 vomitionibus

215 1654 499 1729 ωίὲᾱὲθῖἔῑῐῖἶῒεω
520 1697 678 1738 Maylzoff
688 1710 695 1728 :
731 1701 881 1728 ceterum
901 1697 992 1728 idem
1012 1696 1197 1737 Detlefsen:
1234 1697 1385 1735 (centum

214 1749 234 1770 a
248 1751 256 1771 x
285 1740 376 1771 idem
392 1740 422 1771 V
437 1751 459 1771 x
476 1742 520 1780 a).
568 1740 720 1771 Fortasse
736 1741 838 1772 ceteri
854 1750 935 1771 imus
949 1739 1064 1777 iidem,
1081 1743 1116 1770 ut
1132 1739 1175 1770 M
1175 1738 1290 1780 ayhoff
1300 1739 1385 1770 coni.

253 1920 267 1935 ‘²
289 1916 474 1957 Mayhoff’s
493 1916 685 1956 conjecture
706 1916 870 1956 inpositus
891 1915 973 1954 (scil.
994 1916 1104 1953 sucus)
1125 1915 1153 1945 is
1173 1914 1265 1945 what
1284 1913 1385 1954 Pliny

207 1959 314 2000 ought
330 1963 367 1990 to
383 1959 470 1990 have
486 1960 633 1995 written,
651 1959 714 1989 but
730 1959 746 1990 Ι
763 1959 863 1990 think
878 1959 957 1989 that
973 1958 1014 1988 he
1031 1960 1135 1988 wrote
1151 1957 1209 1988 the
1225 1956 1386 1987 feminine

208 2002 350 2033 because
365 2002 406 2033 he
422 2001 490 2032 had
504 2006 635 2038 natura,
652 2012 689 2032 or
703 2002 848 2043 perhaps
863 2001 969 2038 herba,
985 2001 1020 2031 in
1035 2000 1140 2030 mind.
1187 1999 1258 2031 The
1274 1999 1386 2030 better

206 2045 357 2077 attested
378 2045 518 2086 reading
539 2044 721 2085 inpositum
743 2055 805 2076 can
827 2043 974 2084 scarcely
996 2042 1038 2075 be
1058 2042 1160 2084 right,
1183 2053 1220 2074 as
1241 2042 1336 2073 there
1358 2042 1386 2072 is

207 2118 272 2154 312
