1459 2288
74 640 132 670 143

73 1013 133 1043 144

73 1227 133 1257 145

366 159 560 196 PLINY:
607 160 870 197 NATURAL
905 159 1141 197 HISTORY

165 262 472 312 pronuntiando.
528 261 646 310 aliqui
696 261 869 297 radicem
918 274 1029 297 arum
1078 261 1341 311 appellarunt.

165 315 318 352 caulem
338 328 430 351 vero
451 314 714 357 dracontium,
734 317 774 350 in
792 320 924 351 totum
944 314 1077 358 alium,
1096 317 1127 351 si
1146 315 1264 352 modo
1282 315 1343 351 hic

166 374 227 405 est
269 371 335 417 qui
379 368 483 417 apud
527 381 596 404 nos
638 367 899 404 dracunculus
941 373 1115 404 vocatur.
1170 381 1342 418 namque

166 435 252 458 aros
273 421 447 457 radicem
470 423 622 470 nigram
646 424 685 457 in
707 421 962 457 latitudinem
984 421 1197 458 rotundam
1219 421 1342 458 habet

165 475 372 523 multoque
389 477 579 510 maiorem
606 480 647 511 et
664 474 679 497 1
700 488 778 523 qua
793 487 933 510 manus
950 474 1163 523 inpleatur,
1179 474 1343 511 dracun-

164 528 274 564 culus
303 527 538 564 subrutilam
569 533 611 564 et
640 527 820 564 draconis
849 527 1048 564 convoluti
1076 527 1208 570 modo,
1238 528 1343 565 unde

168 587 209 617 et
230 594 387 617 nomen.

210 634 336 671 XCII.
367 634 472 679 Quin
518 640 559 670 et
602 637 674 683 ipsi
720 634 862 670 Graeci
907 636 1129 670 inmensam
1173 647 1340 683 posuere

164 687 453 725 differentiam:
499 701 636 724 semen
675 687 901 723 dracunculi
940 686 1096 724 fervens
1134 687 1344 731 tradendo,

164 747 404 790 tantumque
449 743 484 777 ei
532 743 636 777 virus
685 746 730 777 ut
777 739 967 777 olfactum
1015 740 1186 790 gravidis
1233 742 1345 778 abor-

164 800 251 831 tum
291 793 470 837 inferret,
511 807 605 830 aron
640 796 747 830 miris
782 793 964 830 laudibus
997 793 1140 839 tulere,
1174 796 1344 843 primum

163 850 201 884 in
238 848 347 891 cibis,
373 846 562 883 feminam
590 846 878 896 praeferentes,
900 849 1088 896 quoniam
1107 860 1192 883 mas
1213 847 1345 885 durior

165 907 272 937 esset
293 907 333 937 et
353 903 391 937 in
413 900 620 949 coquendo
640 900 796 936 lentior.
851 903 1022 950 pectoris
1044 903 1140 937 vitia
1159 914 1343 950 purgare,

165 954 318 990 aridum
348 957 499 1003 potioni
528 956 749 1003 inspersum
780 959 850 990 aut
880 953 1090 1003 ecligmate
1120 956 1274 990 urinam
1303 959 1345 991 et

159 1021 315 1044 menses
345 1010 462 1050 ciere,
486 1010 540 1044 sic
569 1013 611 1043 et
639 1009 678 1043 in
699 1006 916 1057 oxymelite
940 1013 1093 1056 potum.
1140 1007 1346 1044 stomacho

164 1063 461 1110 interaneisque
492 1060 728 1097 exulceratis
758 1073 807 1096 ex
837 1060 939 1096 lacte
968 1060 1083 1097 ovillo
1111 1060 1343 1105 bibendum,

165 1114 216 1151 ad
250 1117 390 1150 tussim
425 1116 464 1150 in
498 1116 630 1150 cinere
665 1119 822 1150 coctum
856 1113 1005 1150 dedere
1041 1127 1089 1150 ex
1125 1113 1224 1150 oleo.
1279 1113 1343 1151 alii

165 1181 307 1204 coxere
341 1170 380 1203 in
413 1167 518 1204 lacte
551 1173 597 1203 ut
629 1167 839 1204 decoctum
874 1168 1090 1203 biberetur.
1147 1167 1344 1216 epiphoris

160 1221 308 1258 elixum
321 1223 548 1270 inposuere,
563 1223 660 1257 item
674 1220 909 1270 suggillatis,
923 1220 1099 1257 tonsillis.
1132 1220 1315 1257 Glaucias
1331 1220 1346 1243 ²

165 1288 214 1311 ex
239 1274 326 1311 oleo
354 1274 703 1311 haemorrhoidum
729 1277 825 1310 vitio
852 1272 1031 1316 infudit,³
1057 1273 1270 1324 lentigines
1295 1287 1343 1310 ex

165 1327 282 1364 melle
320 1327 522 1364 inlinens.4
575 1327 753 1363 laudavit
796 1332 837 1363 et
879 1340 949 1377 pro
988 1327 1169 1364 antidoto
1207 1333 1345 1364 contra

166 1394 333 1424 venena,
354 1381 596 1430 pleureticis,
617 1380 961 1430 peripleumonicis
982 1393 1060 1430 quo
1085 1381 1344 1417 tussientibus

213 1459 225 1478 1
249 1462 284 1489 et
300 1458 388 1489 codd.
405 1463 434 1489 et
451 1457 618 1498 Mayhoff:
654 1461 693 1488 ut
708 1457 882 1498 Detlessen.

213 1502 226 1521 ²
249 1501 406 1532 tonsillis.
454 1501 612 1532 Glaucias
646 1501 686 1532 M
688 1500 802 1540 aylzoff
809 1514 816 1532 :
858 1500 1016 1537 tonsillis,
1046 1499 1228 1541 Detlefsen:
1270 1504 1343 1531 ton-

167 1544 339 1584 sillassere
353 1554 463 1575 omnes
477 1544 564 1575 codd.

212 1588 224 1606 3
248 1587 375 1618 infudit
401 1588 441 1623 V,
468 1587 625 1627 Illayfhoff
641 1600 648 1618 ι
673 1586 824 1617 infundit
844 1587 913 1622 dX,
935 1585 1050 1626 Silligy:
1074 1585 1227 1617 infudere
1247 1585 1343 1627 vuly„

169 1629 352 1670 Detlefsen:
383 1630 505 1661 effudit
521 1629 751 1670 Cleophantus
767 1629 884 1660 Ianus.

217 1673 230 1692 ⁴²
254 1673 388 1704 illinens
401 1673 488 1703 codd.
503 1686 510 1704 ε
538 1673 710 1703 illinentes
723 1672 819 1711 vulq„
833 1671 1007 1711 Deilefsen.

205 1782 219 1796 ‘²
242 1778 337 1809 With
380 1778 438 1809 the
476 1778 616 1818 reading
654 1777 693 1809 of
728 1777 929 1809 Detlefsen:
979 1776 1116 1808 “much
1155 1780 1214 1809 too
1252 1777 1342 1818 large

161 1821 287 1861 merely
302 1825 339 1852 to
355 1821 402 1851 fill
417 1821 476 1851 the
492 1820 619 1851 hand.”

209 1864 220 1882 ¹⁷
243 1864 360 1900 Draco,
395 1864 483 1895 from
517 1864 626 1894 which
662 1863 680 1876 “
696 1862 914 1894 dracunculus
930 1862 949 1876 ’³
983 1864 1012 1894 is
1045 1863 1193 1894 derived.
1246 1863 1343 1894 Dios-

162 1907 396 1963 c’orides'sagzvs
424 1907 484 1945 (ΙΙ.
523 1908 596 1946 166)
623 1906 702 1961 ’ῐθὴᾶῡ
725 1907 752 1937 it
774 1907 802 1937 is
825 1906 884 1937 the
908 1905 1023 1940 καυλός
1047 1906 1160 1946 (stem)
1185 1905 1294 1937 which
1316 1907 1344 1937 is

162 1950 488 2028 Offizoegrzssivitllikeiig
503 1950 714 2024 &suffag-at
741 1992 824 2023 cibis
851 1992 919 2023 and
946 1991 1094 2032 primum
1124 2006 1159 2018 =
1187 1991 1342 2032 priorem,

166 2034 186 2047 “
198 2035 384 2076 preferring
400 2035 460 2066 the
477 2035 600 2066 female
616 2046 653 2066 as
669 2045 689 2065 a
707 2035 786 2066 food
803 2033 893 2065 eto.”

170 2100 235 2123 102
