1459 2288
129 571 169 602 96

134 957 173 986 97

407 141 601 178 PLINY:
647 142 909 179 NATURAL
943 141 1177 179 HISTORY

194 249 379 282 servant:
430 257 554 280 unum
591 244 798 280 tuberibus
846 243 987 280 radicis
1034 244 1228 288 rotundis,
1275 243 1377 281 foliis

196 312 301 346 inter
316 308 488 345 malvam
509 314 550 345 et
571 308 775 351 hederam,
789 308 1024 358 nigrioribus
1039 308 1378 358 mollioflbusque,

196 373 367 410 alterum
394 372 608 416 masculae,
634 372 767 409 radice
792 372 926 422 longa,
949 378 1139 422 quattuor
1162 372 1378 423 digitorum

195 437 461 487 longitudine,
481 436 615 473 baculi
635 436 911 480 crassitudine,
930 439 1095 473 tertium
1115 436 1378 487 longissimae,

196 504 397 538 tenuitate
418 503 508 537 vitis
529 500 726 544 novellae,
747 503 856 537 cuius
877 503 928 537 sit
948 503 1162 550 praecipua
1182 503 1252 545 vis,
1273 514 1375 550 quae

195 572 236 602 et
282 565 496 602 clematitis
513 565 528 589 1
575 570 750 608 vocatur,
801 565 851 601 ab
902 564 986 601 aliis
1031 568 1187 602 cretica.
1242 578 1378 602 omnes

199 630 329 667 colore
346 630 494 673 buxeo,
511 629 689 666 caulibus
707 631 850 679 parvis,
868 628 962 665 flore
979 642 1190 678 purpureo.
1247 629 1379 666 ferunt

199 693 360 731 baculas
395 707 534 744 parvas
569 699 615 730 ut
648 696 819 743 cappari.
875 693 1009 730 valent
1042 693 1174 730 radice
1208 699 1379 730 tantum.

200 764 261 795 est
302 764 344 796 et
385 771 488 808 quae
529 757 781 808 plistolochia
820 763 996 801 vocatur,
1038 760 1168 807 quarti
1208 760 1378 808 generis,

200 825 358 860 tenuior
387 836 507 872 quam
535 825 714 872 proxime
743 822 864 865 dicta,
893 822 1024 858 densis
1052 821 1193 858 radicis
1222 821 1381 871 capilla-

200 889 360 931 mentis,
394 889 499 924 iunci
533 886 720 936 plenioris
755 886 1029 923 crassitudine.
1083 885 1185 922 hanc
1219 886 1380 935 quidam

201 951 452 1002 polyrrhizon
476 954 771 1001 cognominant.
827 951 923 988 odor
946 953 1123 987 omnium
1146 951 1380 994 medicatus,

202 1016 273 1053 sed
291 1015 489 1066 oblongae
508 1016 631 1052 radici
650 1018 902 1064 tenuiorique
922 1018 1085 1065 gratior,
1104 1017 1255 1052 carnosi
1275 1017 1380 1051 enim

203 1086 264 1117 est
293 1083 461 1124 corticis,
492 1083 708 1130 unguentis
738 1093 897 1129 quoque
927 1079 1101 1116 nardinis
1130 1081 1378 1116 conveniens.

200 1151 418 1181 nascuntur
439 1145 654 1194 pinguibus
676 1144 770 1181 locis
792 1150 833 1180 et
854 1144 1154 1193 campestribus.
1210 1142 1380 1180 effodere

201 1223 267 1246 eas
285 1209 479 1246 messibus
496 1211 796 1258 tempestivum,
814 1209 1076 1258 desquamato
1094 1208 1109 1231 2
1125 1214 1284 1244 terreno
1301 1220 1379 1244 ser-

200 1279 356 1310 vantur.
412 1276 586 1310 maxime
609 1279 745 1310 tamen
767 1273 954 1310 laudatur
976 1271 1141 1309 Pontica
1163 1278 1204 1309 et
1225 1275 1264 1308 in
1287 1285 1381 1322 quo-

200 1351 371 1387 cumque
397 1351 545 1387 genere
581 1337 911 1387 ponderosissima
945 1349 1142 1386 quaeque,
1175 1336 1380 1373 medicinis

201 1405 331 1452 aptior
353 1402 539 1446 rotunda,
563 1408 700 1439 contra
724 1407 930 1451 serpentes
954 1401 1139 1451 oblonga,
1163 1403 1203 1437 in
1226 1414 1380 1437 summa

252 1473 262 1491 ¹
288 1471 471 1503 clematitis
486 1473 538 1509 (επ
552 1471 757 1509 Dioscoride)
775 1470 893 1508 Hard„
912 1471 1006 1510 vulq„
1024 1470 1181 1511 Maylzoff
1193 1482 1199 1500 :
1230 1469 1381 1501 clematis

203 1515 292 1546 codd.
307 1519 336 1545 et
349 1514 523 1554 Detlefsen.

249 1558 261 1576 ²
285 1558 512 1598 desquamato
547 1557 708 1598 Deilessen
727 1571 733 1589 :
781 1558 814 1588 in
849 1557 1075 1597 desquamato
1109 1555 1266 1597 Mayhoff
1278 1568 1285 1588 :
1332 1556 1381 1587 ita

204 1601 432 1641 desquamato
450 1601 532 1641 vuly.
547 1613 552 1631 :
584 1602 633 1632 ita
649 1612 667 1631 e
684 1611 828 1640 squama
841 1600 989 1640 plerique
1005 1599 1094 1631 codd.

247 1719 262 1734 ⁰
287 1715 328 1746 M
329 1714 460 1746 asculae
477 1714 545 1745 and
562 1713 772 1753 lonqissimae
789 1724 887 1754 agree
904 1713 985 1744 with
1009 1712 1238 1744 aristolochiae
1259 1712 1379 1743 under-

204 1758 314 1790 stood.
361 1757 512 1797 Perhaps
529 1757 652 1788 radicis
669 1757 730 1787 has
747 1757 846 1787 fallen
865 1759 927 1787 out
944 1756 1057 1787 before
1074 1755 1294 1795 Ionqissimae.

248 1800 260 1820 ⁶
285 1801 331 1832 Or
357 1800 376 1812 “
392 1801 516 1841 oblong
531 1800 550 1812 ''
578 1803 629 1838 (so
655 1799 790 1837 Littre),
816 1800 880 1830 but
901 1799 970 1830 this
990 1799 1169 1839 rendering
1191 1808 1298 1829 seems
1320 1809 1379 1829 un-

203 1844 350 1876 suitable
371 1845 405 1875 in
426 1845 512 1875 view
534 1843 603 1882 of§
624 1845 676 1874 95.
724 1843 939 1874 Dioscorides
960 1842 1030 1881 (III
1051 1843 1082 1873 4.
1103 1842 1157 1880 §3
1163 1841 1276 1880 ):has
1310 1841 1381 1881 ἥτις

203 1887 256 1919 καὶ
275 1887 462 1927 κληματῖτις
482 1886 624 1918 καλεῖται
644 1885 848 1926 --ἔχουσα
867 1903 1043 1910 -------
1061 1884 1150 1925 ῥίζας
1166 1882 1379 1924 μακροτάτας,

201 1929 330 1966 λεπτάς,
380 1929 494 1969 φλοιὸν
543 1928 678 1969 ἐχούσας
729 1929 833 1969 παχὺν
882 1941 935 1960 και
987 1926 1242 1968 ἀρωματίζοντα,
1293 1925 1380 1959 ἰδίως

203 1972 460 2013 χρησιμευούσας
476 1972 629 2012 μυρεψαῖς
649 1971 693 2005 εἰς
712 1971 768 2005 τὰς
787 1974 854 2002 τῶν
872 1971 981 2011 μύρων
999 1970 1140 2010 στύψεις.
1187 1969 1231 2001 So
1251 1969 1360 2009 ley’
1365 1980 1380 2000 s

201 2016 354 2055 oblonyae
372 2015 478 2046 radici
496 2015 700 2055 tenuiorique
719 2014 841 2046 should
860 2014 947 2046 refer
967 2017 1004 2045 to
1023 2012 1207 2050 clematitis,
1227 2012 1291 2044 but
1306 2013 1335 2044 it
1352 2013 1380 2043 is

200 2077 270 2112 206
