1459 2288
92 365 132 395 28

92 1165 132 1196 30

92 1486 129 1516 31

356 150 552 187 PLINY:
599 150 862 187 NATURAL
896 149 1132 187 HISTORY

154 266 294 290 saxeas
325 253 467 290 radicis
498 264 571 288 xxx
602 251 726 301 pedes
758 251 900 301 longae
932 264 977 287 ac
1008 264 1058 287 ne
1089 253 1143 287 sie
1174 251 1335 300 quidem

154 307 320 350 solidae,
339 306 409 343 sed
428 306 636 355 abruptae.

211 360 281 396 IX.
310 360 375 396 Ab
408 372 456 395 ea
487 361 662 395 maxima
694 361 909 394 auctoritas
941 357 1090 394 herbae
1124 363 1184 394 est
1217 370 1336 406 quam

157 413 435 450 dodecatheon
476 418 619 448 vocant
658 414 835 448 omnium
876 412 1042 448 deorum
1082 413 1336 448 maiestatem

157 466 496 503 commendantes.
551 468 591 501 in
636 478 740 514 aqua
782 470 920 514 potam
964 465 1146 501 omnibus
1190 465 1336 500 morbis

155 520 306 556 mederi
327 519 504 556 tradunt.
559 517 654 555 folia
675 521 757 554 eius
778 524 935 567 septem
955 518 1118 554 lactucis
1138 517 1338 554 simillima

156 578 307 609 exeunt
325 586 347 609 a
365 573 475 609 lutea
493 572 637 609 radice.

209 626 258 663 X.
288 626 569 663 Vetustissima
599 628 766 661 inventu
797 627 966 675 paeonia
999 630 1073 668 est,
1111 637 1337 673 nomenque

157 682 326 716 auctoris
346 682 508 722 retinet,
528 692 648 728 quam
668 678 831 728 quidam
850 679 1099 727 pentorobon
1118 677 1337 727 appellant,

157 733 223 769 alii
263 733 522 783 glycysidem.
578 745 670 768 nam
704 732 802 768 haec
837 744 994 781 quoque
1028 731 1238 768 difficultas
1277 736 1338 767 est

157 786 263 836 quod
283 787 425 823 eadem
445 786 561 822 aliter
581 785 675 821 alibi
694 791 959 834 nuncupatur.
1015 788 1188 821 nascitur
1207 787 1338 834 opacis

156 840 358 876 montibus
376 839 488 876 caule
506 842 612 875 inter
629 838 723 875 folia
741 839 957 888 digitorum
975 844 1166 887 quattuor
1183 837 1338 874 ferente

157 896 196 929 in
239 896 445 930 cacumine
489 893 612 929 veluti
657 892 829 928 Graecas
872 905 992 928 nuces
1036 897 1227 940 quattuor
1270 897 1339 927 aut

157 949 346 996 quinque.
402 949 506 982 inest
546 946 605 982 his
646 959 783 982 semen
823 948 1039 994 copiosum,
1080 946 1242 981 rubrum
1282 947 1339 980 ni-

156 1013 364 1049 grumque.
420 999 518 1036 haec
556 999 741 1035 medetur
779 1005 821 1035 et
859 998 1085 1035 Faunorum
1122 1001 1163 1034 in
1200 1000 1338 1047 quiete

156 1053 345 1090 ludibriis.
386 1055 635 1102 praecipiunt
656 1065 795 1088 eruere
815 1058 949 1095 noctu,
971 1054 1158 1101 quoniam
1178 1054 1209 1088 si
1230 1054 1338 1100 picus

161 1106 333 1143 Martius
355 1107 489 1143 videat
510 1106 661 1143 tuendo
678 1105 693 1128 1
713 1109 753 1142 in
774 1105 906 1142 oeulos
927 1108 1123 1154 impetum
1143 1103 1276 1141 faciat.

206 1160 277 1196 XI.
309 1159 483 1196 Panaces
538 1162 622 1209 ipso
673 1162 833 1195 nomine
884 1162 1061 1195 omnium
1112 1158 1339 1194 morborum

158 1214 336 1250 remedia
368 1215 581 1263 promittit,
614 1225 870 1249 numerosum
902 1218 944 1249 et
976 1213 1035 1249 dis
1067 1212 1339 1248 inventoribus

158 1266 414 1316 adscriptum.
469 1280 593 1302 unum
616 1269 764 1315 quippe
794 1266 994 1315 asclepion
1023 1267 1339 1315 cognominatur,

158 1335 180 1357 a
223 1334 300 1370 quo
343 1323 374 1357 is
417 1320 538 1356 filiam
582 1318 794 1356 Panaciam
838 1319 1066 1369 appellavit.
1122 1331 1236 1355 sucus
1279 1324 1340 1354 est

158 1380 317 1411 coactus
338 1373 491 1410 ferulae
512 1373 672 1422 qualem
692 1373 878 1416 diximus,
898 1373 1030 1409 radice
1051 1372 1166 1408 multi
1187 1374 1340 1408 corticis

158 1434 201 1464 et
233 1427 336 1464 salsi.
391 1427 464 1463 hac
498 1427 631 1463 evolsa
664 1427 842 1463 scrobem
876 1426 1019 1475 repleri
1053 1428 1159 1462 vario
1191 1437 1339 1475 genere

156 1480 317 1531 frugum
350 1480 489 1529 religio
529 1486 589 1516 est
629 1493 673 1516 ac
706 1486 838 1516 terrae
876 1482 1138 1529 piamentum.
1193 1479 1259 1515 ubi
1300 1484 1341 1514 et

160 1547 333 1584 quonam
368 1534 482 1570 fieret
516 1534 634 1570 modo
668 1546 713 1570 ac
747 1533 864 1583 quale
897 1535 1071 1569 maxime
1105 1533 1340 1582 probaretur

210 1619 222 1638 ²
246 1619 375 1650 tuendo
396 1619 498 1655 codd„
520 1618 695 1659 Mayhoff:
730 1618 878 1649 volando
905 1617 989 1649 coni.
1015 1617 1133 1657 Silliq:
1166 1620 1340 1648 eruentem

165 1662 338 1736 Ξῖῖὲῖἕὲςίῖη.
388 1662 544 1702 Mayhoff
563 1662 663 1692 etiam
686 1661 770 1692 coni.
793 1661 839 1692 vel
858 1660 903 1692 ad
925 1660 1093 1692 tuendum
1113 1660 1273 1697 (tuendi-1)
1297 1659 1342 1690 vel

205 1806 219 1820 ‘¹
242 1802 427 1843 Mayhoff's
446 1801 616 1833 maiestate
638 1800 750 1832 would
771 1801 865 1841 give:
905 1800 922 1812 ‘⁴
937 1800 1108 1840 investing
1129 1800 1157 1831 it
1178 1799 1261 1830 with
1283 1799 1341 1830 the

159 1846 327 1887 grandeur
358 1845 447 1876 etc.⁷'
495 1844 719 1876 Dodecatheon
752 1854 867 1875 means
902 1843 1033 1884 “plant
1065 1842 1103 1874 of
1130 1842 1188 1874 the
1220 1842 1341 1874 twelve

161 1891 319 1930 (greater)
337 1888 456 1929 gods.”

207 1931 218 1950 ⁶
244 1931 379 1962 volando
396 1930 462 1961 will
486 1941 585 1961 mean
606 1930 684 1971 “by
702 1930 807 1971 flying
825 1933 862 1960 at
880 1930 975 1961 them
991 1929 1030 1966 ”;
1058 1932 1231 1965 eruentem,
1253 1928 1340 1959 “the

162 1985 282 2016 person
300 1974 484 2015 uprooting
501 1974 563 2005 it.”

206 2022 217 2035 ⁶
239 2016 301 2049 See
317 2017 400 2048 XII.
433 2018 447 2057 ᾖ
468 2017 540 2048 127.

164 2079 231 2126 156
