1459 2288
78 368 137 397 149

80 634 138 664 150

78 1167 134 1198 151

369 153 564 191 PLINY:
611 153 874 191 NATURAL
908 153 1144 191 HISTORY

166 262 305 293 contra
325 258 425 292 ictus
446 255 531 292 dari
552 261 650 304 potu
671 257 710 291 in
733 257 821 291 vino
842 257 954 305 nigro
975 261 1123 304 putant
1142 255 1252 292 utile.
1307 258 1348 292 in

167 309 267 346 foliis
288 311 341 345 ari
363 322 500 345 caseus
520 310 672 357 optime
692 311 838 344 servari
857 308 1041 344 traditur.

214 362 362 398 XCIII.
393 361 667 398 Dracunculus
697 374 817 410 quem
855 361 936 398 dixi
971 361 1120 398 hordeo
1153 367 1346 398 matures-

168 421 284 452 cente
315 414 499 451 effoditur
527 414 621 451 luna
649 420 867 451 crescente.
935 417 1095 451 omnino
1128 414 1345 452 habentem

166 474 373 518 serpentes
397 467 568 518 fugiunt.
624 468 724 504 adeo
741 467 755 490 ¹
779 470 972 517 percussis
996 468 1183 517 prodesse
1207 474 1347 517 potum

169 524 303 565 aiunt3
331 524 521 558 maiorem
549 524 628 557 vim
656 521 775 564 esse,²
802 524 832 557 si
862 520 965 558 ferro
995 534 1072 558 non
1109 524 1346 571 attingatur.

168 588 283 612 sucus
301 577 384 611 eius
403 580 444 611 et
462 577 615 611 aurium
633 574 756 611 dolori
773 574 948 623 prodest.

217 628 263 664 Id
290 634 425 664 autem
453 628 558 677 quod
586 627 727 664 Graeci
755 627 1004 664 dracontium
1030 634 1175 665 vocant
1201 628 1344 678 triplici

168 682 297 731 effigie
317 681 635 718 demonstratum
656 681 751 718 mihi
772 687 857 718 est:
881 680 981 718 foliis
1005 681 1140 726 betae,
1160 695 1239 718 non
1264 684 1347 718 sine

166 735 317 785 thyrso,
356 734 451 771 flore
492 746 712 784 purpureo;
771 734 844 771 hoc
883 740 944 771 est
984 734 1109 771 simile
1149 748 1227 772 aro.
1283 734 1346 776 alii

168 788 300 825 radice
314 788 432 837 longa
446 788 569 824 veluti
584 791 741 837 signata
756 787 1047 837 articulosaque
1061 793 1346 832 monstravere,

167 842 294 878 tribus
312 844 472 878 omnino
496 841 708 884 cauliculis,
729 840 823 878 folia
842 843 925 877 eius
938 841 954 864 3
973 841 1141 890 decoqui
1162 854 1211 878 ex
1232 847 1346 878 aceto

166 899 306 931 contra
344 897 592 943 serpentium
631 897 732 931 ictus
770 895 968 931 iubentes.
1023 897 1145 931 tertia
1184 895 1346 932 demon-

166 949 308 985 stratio
332 947 408 984 fuit
432 946 525 984 folio
549 950 698 984 maiore
723 961 843 997 quam
868 961 1022 991 cornus,
1047 948 1178 984 radice
1202 948 1346 985 harun-

164 1001 300 1045 dinea,
332 1001 516 1044 totidem,
547 1006 592 1037 ut
626 1001 904 1044 adfirmabant,
939 1001 1200 1051 geniculata4
1234 1002 1346 1038 nodis

167 1060 267 1105 quot
297 1054 465 1091 haberet
497 1067 633 1098 annos,
664 1054 916 1104 totidemque
948 1068 1034 1091 esse
1065 1053 1170 1091 folia.
1225 1054 1264 1091 hi
1296 1068 1345 1091 ex

166 1111 257 1145 vino
277 1107 340 1144 vel
361 1121 465 1157 aqua
485 1113 623 1144 contra
644 1114 852 1155 serpentes
873 1108 1037 1144 dabant.

214 1161 355 1198 XCIV.
385 1161 458 1197 Est
483 1167 524 1198 et
548 1164 622 1197 aris
647 1174 750 1210 quae
774 1164 814 1197 in
838 1161 980 1198 eadem
1005 1162 1196 1212 Aegypto
1220 1165 1344 1199 nasci-

167 1220 246 1258 tur,
262 1214 396 1251 similis
415 1228 495 1258 aro,
511 1217 638 1251 minor
659 1220 818 1251 tantum
838 1216 1136 1264 minoribusque
1159 1214 1259 1252 foliis
1279 1215 1346 1252 et⁵

168 1271 308 1317 utique
344 1268 489 1311 radice,
526 1281 628 1317 quae
664 1274 802 1304 tamen
837 1268 963 1305 olivae
998 1268 1158 1318 grandis
1193 1271 1344 1319 magni-

166 1322 348 1358 tudinem
369 1321 534 1370 inpleat,
556 1321 645 1357 alba
666 1324 871 1371 geminum
892 1321 1060 1365 caulem,
1077 1321 1203 1358 altera
1223 1336 1344 1359 unum

167 1380 326 1411 tantum
336 1377 536 1411 emittens.
576 1374 761 1411 medetur
769 1381 938 1424 utraque
946 1375 1141 1412 ulceribus
1150 1378 1344 1412 mananti-

166 1429 252 1472 bus,
299 1430 397 1464 item
446 1428 637 1465 ambustis
685 1441 729 1464 ac
777 1428 916 1465 fistulis
962 1428 1122 1479 collyrio
1171 1431 1343 1466 inmisso.

219 1519 229 1538 ¹
254 1519 354 1559 adeo]
370 1519 404 1550 in
419 1523 517 1550 aceto
533 1519 616 1550 coni.
635 1519 801 1560 Maylzosf:
816 1519 892 1551 ideo
909 1519 954 1556 X,
971 1519 1057 1559 vzcly.

216 1563 227 1580 2
253 1563 323 1593 vim
355 1572 427 1593 esse
459 1562 542 1593 coni.
576 1561 751 1602 Detlessem
785 1573 878 1602 quem
910 1563 1054 1603 sequitur
1087 1563 1256 1604 Mayhoff:
1304 1568 1343 1595 ut

171 1614 303 1636 menses
316 1608 385 1644 (ant
398 1615 536 1645 messes
550 1605 638 1636 codd.

227 1649 240 1666 ³
263 1647 346 1679 folia
382 1648 453 1678 eius
486 1648 530 1684 X,
559 1647 642 1688 1>ch9.
708 1648 866 1689 foliisque
895 1647 1076 1689 Deilefsen.
1115 1648 1207 1679 foliis
1243 1649 1344 1686 codd„

171 1690 529 1764 Silfiiyhfflfflaqui
542 1691 1244 1774 εηαγέιιῖἓῑᾞέῑῖἒὲἓῖἒὲἶέἕηιὴᾶΐιιῌᾱωθαθ

168 1776 380 1817 geniculatae
396 1757 566 1816 Mayhoff:
597 1744 730 1817 zgztraque
745 1776 862 1808 lectio
851 1788 887 1808 ιη
900 1777 988 1808 codd.
1004 1777 1181 1808 intenitur.
1269 1758 1276 1765 ⁸
1301 1758 1309 1765 θ
1335 1758 1343 1765 .

224 1823 292 1851 oet
309 1819 411 1850 delere
428 1819 496 1850 vult
517 1820 551 1850 Π
554 1820 752 1859 arminyton.

207 1937 221 1951 ⁰
244 1933 347 1964 What
361 1943 409 1964 we
422 1933 486 1964 call
501 1933 519 1945 ‘⁴
535 1933 593 1964 red
609 1933 628 1944 ”
642 1934 737 1964 wine.

210 1975 222 1994 ¹²
246 1976 287 2007 In
303 1981 399 2016 parts
415 1977 454 2007 of
465 1976 534 2007 this
551 1977 702 2017 chapter,
720 1976 820 2018 Pliny
832 1987 976 2018 appears
988 1980 1025 2008 to
1042 1976 1179 2008 confuse
1197 1979 1265 2008 two
1281 1976 1342 2008 dif-

164 2019 273 2050 ferent
289 2019 413 2059 plants.

170 2081 236 2116 106
