1459 2288
98 509 156 538 178

99 880 158 911 179

393 135 587 172 PLINY:
634 134 896 172 NATURAL
931 134 1167 172 HISTORY

190 250 320 287 neque
337 237 443 273 aliud
458 237 507 273 de
525 249 572 272 ea
586 236 789 285 proditum
803 238 960 272 invenio
977 249 1097 285 quam
1111 239 1151 273 in
1166 237 1366 273 montibus

190 294 308 334 nasci,
351 290 585 326 conbustam
627 294 725 338 potu
767 291 870 325 ciere
913 302 1070 325 menses
1113 295 1155 326 et
1196 292 1367 339 pectoris

192 346 478 385 excreationes,
505 343 720 379 efficaciore
748 345 967 378 etiamnum
994 343 1140 386 radice,
1166 356 1258 380 suco
1286 345 1368 380 eius

190 399 312 433 ternis
340 396 462 433 obolis
488 396 631 432 hausto
657 408 772 432 renes
798 398 940 438 sanari,
968 395 1058 433 addi
1085 396 1258 433 radicem
1286 398 1368 432 eius

193 456 233 486 et
252 452 292 486 in
311 449 567 498 malagmata.

238 502 424 539 CXVIII.
455 503 631 539 Gramen
674 504 803 551 ipsum
846 505 951 538 inter
997 502 1140 539 herbas
1183 502 1369 552 vulgatis-

193 559 335 593 simum
354 555 590 605 geniculatis
611 557 733 604 serpit
753 555 985 592 internodiis
1005 556 1223 605 crebroque
1243 557 1293 593 ab
1312 555 1370 592 his

194 616 234 646 et
261 623 309 646 ex
335 612 540 645 cacumine
565 621 686 645 novas
711 608 862 645 radices
888 611 1050 658 spargit.
1106 607 1199 645 folia
1224 611 1307 645 eius
1331 611 1370 645 in

192 662 344 711 reliquo
378 663 473 699 orbe
505 665 545 698 in
579 661 802 698 exilitatem
837 660 1091 711 fastigantur,
1124 664 1165 698 in
1199 660 1370 699 Parnaso

193 722 352 752 tantum
398 715 610 752 hederacia
655 716 786 764 specie
833 715 992 751 densius
1038 728 1159 764 quam
1204 728 1371 765 usquam

192 768 396 811 fruticant,
419 768 513 805 flore
537 769 702 805 odorato
724 768 985 817 candidoque.
1039 771 1227 805 iumentis
1248 768 1372 805 herba

193 836 271 858 non
295 821 369 858 alia
392 825 555 872 gratior,
578 825 660 858 sive
682 822 814 858 viridis
837 824 919 858 sive
940 824 981 858 in
1003 820 1140 858 fenum
1156 822 1170 844 1
1193 822 1372 865 siccata,2

187 889 277 912 cum
299 876 418 912 detur
440 876 627 924 adspersa
650 888 766 924 aqua,
789 888 1006 924 sucumque
1030 876 1112 912 eius
1138 878 1177 911 in
1200 874 1372 912 Parnaso

191 930 320 978 excipi
353 928 520 965 tradunt
552 934 717 978 propter
750 928 991 964 ubertatem.
1046 928 1169 965 dulcis
1202 928 1264 964 hic
1298 934 1370 965 est.

193 986 233 1019 in
267 984 393 1018 vicem
432 984 514 1018 eius
550 984 590 1018 in
626 981 779 1030 reliqua
813 987 928 1030 parte
965 987 1161 1018 terrarum
1197 982 1373 1019 succedit

193 1036 403 1072 decoctum
438 1035 487 1072 ad
519 1034 684 1071 vulnera
716 1034 1042 1084 conglutinanda,
1075 1035 1182 1084 quod
1215 1041 1257 1071 et
1288 1037 1373 1084 ipsa

193 1089 317 1125 herba
345 1094 435 1125 tusa
463 1094 644 1137 praestat
671 1093 889 1137 tueturque
919 1089 968 1125 ab
995 1087 1372 1125 inflammationibus

193 1141 361 1192 plagas.3
400 1142 569 1178 adicitur
587 1142 752 1178 decocto
772 1144 905 1177 vinum
927 1154 970 1177 ac
990 1141 1082 1185 mel,
1103 1142 1153 1178 ab
1173 1141 1312 1191 aliquis
1332 1147 1373 1178 et

194 1198 306 1238 turis,
342 1197 501 1244 piperis,
536 1207 694 1231 murrae
730 1197 875 1230 tertiae
910 1197 1126 1244 portiones,
1161 1208 1373 1244 rursusque

195 1251 378 1297 coquitur
394 1251 434 1284 in
453 1261 569 1284 aereo
586 1260 679 1284 vase
698 1248 747 1284 ad
765 1248 946 1284 dentium
964 1248 1132 1291 dolores,
1151 1248 1370 1298 epiphoras.

102 1307 163 1338 180
194 1302 305 1338 radix
331 1302 497 1338 decocta
520 1304 561 1337 in
585 1303 675 1337 vino
700 1302 935 1337 torminibus
960 1301 1147 1338 medetur
1171 1307 1213 1338 et
1236 1304 1373 1338 urinae

195 1354 493 1392 difficultatibus
519 1354 796 1403 ulceribusque
822 1357 990 1398 vesicae,
1017 1353 1185 1391 calculos
1212 1354 1370 1405 frangit.

196 1421 333 1445 semen
353 1408 630 1444 vehementius
651 1410 805 1444 urinam
825 1407 994 1457 inpellit,
1015 1407 1147 1444 alvum
1166 1411 1373 1444 vomition-

197 1474 320 1510 esque
359 1464 474 1497 sistit.
529 1463 713 1510 privatim
753 1466 889 1497 autem
927 1461 1143 1498 draconum
1180 1462 1373 1498 morsibus

197 1514 421 1551 auxiliatur.
476 1520 569 1551 sunt
591 1517 659 1564 qui
679 1513 861 1564 genicula
883 1527 1026 1551 novem
1048 1514 1111 1551 vel
1132 1517 1247 1551 unius
1267 1514 1330 1551 vel
1352 1527 1374 1551 e

195 1568 350 1604 duabus
366 1568 543 1604 tribusve
559 1567 690 1604 herbis
708 1568 758 1604 ad
773 1567 878 1603 hunc
895 1567 1149 1605 articulorum
1164 1581 1374 1604 numerum

196 1620 339 1658 involm'
358 1621 447 1657 lana
467 1621 601 1657 sucida
620 1623 733 1671 nigra
751 1621 916 1657 iubeant
936 1621 986 1658 ad
1004 1622 1181 1658 remedia
1198 1627 1374 1658 strumae

246 1702 258 1720 1
282 1701 398 1732 fenum
418 1701 502 1732 coni.
523 1711 578 1740 eqo
596 1705 624 1731 et
643 1700 753 1732 Dalec.
771 1714 777 1732 :
811 1701 888 1732 feno
908 1701 996 1732 codd.
1016 1705 1045 1732 et
1063 1701 1198 1732 editores
1213 1701 1372 1742 plerique.

247 1744 259 1762 2
284 1745 411 1774 siccata
431 1744 495 1774 duo
515 1743 617 1780 codd„
638 1743 825 1784 Detlefsen:
856 1745 1001 1775 siccatae
1021 1744 1086 1775 duo
1105 1743 1194 1775 codd.
1211 1756 1218 1776 :
1249 1745 1373 1775 siccata

218 1790 252 1817 et
269 1787 353 1817 coni.
372 1786 536 1826 JIayhoff.

243 1830 255 1848 ³
280 1829 396 1869 plagas
419 1830 461 1867 E(
475 1832 504 1867 ’2)
525 1829 614 1865 Ian„
636 1829 811 1869 Detlefsen,
834 1829 991 1870 Mayhoff
1002 1841 1009 1861 ε
1045 1829 1233 1871 praeligata
1252 1829 1373 1870 Silliq:

201 1871 315 1912 placat
332 1876 389 1902 aut
406 1876 508 1912 pacat
524 1872 618 1902 ceteri
634 1872 722 1903 codd.

234 1983 248 1998 ‘²
271 1979 337 2010 For
364 1979 432 2010 this
458 1979 679 2021 intensifying
710 1979 791 2020 ipse,
819 1979 860 2012 cf.
885 1981 900 2020 ἓ
925 1981 986 2011 188
1013 1980 1089 2020 ipsa
1115 1980 1256 2018 clarita-9,
1284 1979 1373 2012 “the

192 2022 342 2103 113206uh'ar
368 2022 500 2063 glory.'’
