1459 2288
107 303 147 333 50

106 781 144 812 51

105 1473 145 1504 53

374 141 569 177 PLINY:
616 141 879 178 NATURAL
912 140 1150 177 HISTORY

177 258 293 294 aqua,
320 247 498 280 iocineris
525 257 644 280 causa
669 257 759 280 cum
786 243 936 280 Gallico
963 243 1099 286 nardo,
1124 243 1237 279 lienis
1263 256 1352 279 cum

172 304 286 334 aceto
309 303 380 334 aut
402 297 516 346 pulte
540 303 610 334 aut
633 297 706 333 fico
729 300 909 333 sumitur.
964 297 1196 333 adversatur
1218 295 1349 346 fungis

175 364 224 388 ex
246 357 374 394 aceto,
395 353 494 387 item
515 353 633 393 visco,
654 353 807 387 cicutae
830 363 879 386 ex
900 352 992 386 vino
1013 356 1055 386 et
1075 352 1196 386 muris
1218 352 1351 386 aranei

173 404 381 447 morsibus,
417 403 577 440 draconi
613 406 778 447 marino,
814 403 1096 452 scorpionibus.
1151 402 1353 439 oculorum

174 457 345 493 claritati
376 456 549 493 multum
580 456 747 493 confert.
803 456 1000 505 epiphoris
1031 469 1121 492 cum
1151 469 1267 506 passo
1295 458 1354 492 in-

174 513 349 560 ponitur,
400 509 623 560 suggillatis
674 523 764 546 cum
814 509 948 546 melle.
1003 522 1116 545 aures
1167 509 1321 546 decocti
1337 508 1351 531 1

175 566 258 600 eius
287 576 409 612 vapor
437 563 570 600 suffitu
600 569 715 600 sanat
745 569 828 606 aut,
857 565 888 599 si
916 568 1083 599 manent
1111 565 1234 606 sanie,
1263 575 1353 598 cum

173 616 294 653 melle
326 619 479 653 tritum.
533 619 688 652 urinam
721 629 765 652 ac
796 629 954 652 menses
986 618 1094 652 cient
1125 621 1206 652 tres
1239 621 1353 664 quat-

173 676 313 707 tuorve
338 669 481 706 ramuli
505 682 595 706 cum
621 669 763 706 Gallici
788 669 901 705 nardi
924 669 1057 705 radice
1082 682 1175 712 una,
1200 668 1353 718 cyathis

175 736 302 773 aquae
338 736 422 767 sex,
456 736 614 759 menses
649 725 834 772 privatim
869 736 959 759 cum
992 722 1113 758 melle
1148 727 1353 771 sumptum

173 783 214 814 et
228 779 269 813 in
284 776 432 813 vellere
449 776 687 825 adpositum.
742 779 912 825 anginae
928 776 1114 812 subvenit
1129 788 1219 812 cum
1234 774 1355 811 melle

174 836 216 867 et
231 833 348 867 nitro.
404 829 653 879 epinyctidas
671 842 720 865 ex
736 843 840 878 aqua
856 835 984 872 sanat,
999 828 1162 865 volnera
1175 830 1355 865 recentia

173 885 280 932 prius
319 896 438 932 quam
476 896 581 932 aqua
617 889 838 932 tangantur
874 885 1105 931 inpositum,
1142 887 1353 930 praeterea

173 939 313 986 capitis
358 936 502 972 ulcera.
557 936 812 985 peculiariter
854 936 972 972 ilibus
1015 937 1220 984 inponitur
1263 947 1354 971 cum

173 989 319 1039 Cypria
333 1002 423 1026 cera
439 995 508 1026 aut
523 1002 613 1025 cum
629 989 712 1025 fico.
768 995 882 1025 sanat
898 995 940 1026 et
954 991 1140 1038 pruritus.
1195 1000 1275 1024 non
1290 993 1352 1024 est

173 1043 350 1079 dandum
385 1045 426 1078 in
460 1041 573 1079 febri.
629 1045 784 1078 nausias
819 1045 936 1078 maris
973 1047 1082 1078 arcet
1115 1044 1156 1077 in
1190 1043 1351 1090 naviga-

173 1097 346 1132 tionibus
368 1102 523 1145 potum,
543 1098 751 1145 inguinum
772 1102 971 1132 tumorem
991 1098 1032 1131 in
1053 1094 1222 1131 ventrali
1242 1094 1352 1130 habi-

173 1155 272 1186 tum.
327 1162 483 1186 somnos
509 1149 646 1185 adlicit
670 1147 861 1185 olfactum
886 1155 956 1185 aut
979 1151 1101 1184 inscio
1125 1148 1198 1184 sub
1222 1149 1354 1197 capite

174 1206 359 1252 positum.
415 1203 592 1239 vestibus
609 1205 803 1239 insertum
819 1205 948 1239 tineas
967 1208 1087 1238 arcet.
1142 1200 1286 1237 culices
1304 1213 1353 1237 ex

174 1255 262 1292 oleo
277 1259 480 1305 perunctis
496 1256 622 1305 abigit
638 1262 679 1292 et
694 1255 818 1298 fumo,
833 1258 864 1292 si
879 1261 1028 1292 uratur.
1084 1259 1354 1291 atramentum

173 1309 377 1346 librarium
393 1322 442 1345 ex
458 1309 588 1346 diluto
604 1311 688 1345 eius
703 1315 975 1358 temperatum
990 1308 1145 1345 litteras
1162 1321 1185 1344 a
1199 1320 1353 1344 muscu-

172 1361 249 1399 lis2
281 1368 430 1399 tuetur.
485 1362 673 1411 capillum
703 1362 889 1412 denigrat
926 1361 1114 1398 absinthii
1151 1363 1246 1397 cinis
1283 1374 1354 1397 un-

173 1422 326 1466 guento
342 1429 583 1465 rosaceoque
600 1418 833 1465 permixtus.

219 1469 369 1506 XXIX.
398 1469 472 1506 Est
495 1475 537 1506 et
559 1468 803 1505 absinthium
824 1471 1035 1511 marinum,
1058 1467 1165 1517 quod
1190 1466 1352 1516 quidam

174 1522 376 1572 seriphum
393 1528 550 1565 vocant,
567 1522 891 1572 probatissimum
907 1524 948 1557 in
965 1521 1142 1571 Taposiri
1159 1520 1351 1570 Aegypti.

173 1575 288 1612 huius
334 1589 489 1613 ramum
536 1575 649 1612 Isiaci
695 1574 897 1625 praeferre
944 1574 1137 1611 sollemne
1182 1573 1346 1610 habent.

223 1653 235 1672 ²
259 1653 389 1684 decocti
435 1652 592 1693 Maykoff
602 1665 609 1684 ε
668 1653 828 1684 decoctae
870 1651 968 1683 ‘multi
1012 1650 1114 1688 codd„
1160 1649 1348 1691 Detlefsen:

177 1696 418 1770 degogioeuslg'ugs
439 1738 473 1777 d(
480 1741 506 1778 ?)
528 1738 730 1770 Hermolaus
750 1737 919 1769 Barbarus
942 1747 957 1768 e
978 1736 1191 1768 Dioscorida:
1228 1736 1351 1767 muscis

174 1781 321 1822 plerique
335 1781 437 1818 codd„
454 1781 536 1821 ναῖς.

217 1891 232 1905 ‘²
253 1887 315 1919 See
332 1886 452 1918 XXVI
470 1888 484 1925 ξ
499 1888 551 1918 31.

219 1930 231 1950 ὃ
255 1930 301 1962 Or
318 1930 337 1942 “
350 1930 453 1961 and.”

215 1977 226 1991 ⁶
249 1973 320 2004 The
334 1974 393 2004 ilia
405 1984 461 2004 are
478 1973 536 2004 the
554 1983 660 2014 upper
672 1973 842 2004 abdomen
854 1972 942 2003 from
954 1972 1012 2003 the
1024 1972 1093 2003 ribs
1105 1975 1141 2003 to
1153 1971 1212 2003 the
1224 1971 1349 2012 pubes;

173 2016 231 2048 the
248 2017 368 2056 inqueu
384 2017 411 2047 is
427 2016 486 2047 the
501 2016 602 2047 lower
618 2016 788 2047 abdomen
803 2026 847 2046 on
862 2015 971 2046 either
985 2015 1056 2046 side
1071 2014 1110 2046 of
1120 2014 1180 2046 the
1194 2014 1313 2055 pubeS.

172 2090 242 2123 420
