1459 2288
64 386 104 416 41

337 120 530 156 PLINY:
575 119 838 156 NATURAL
870 118 1106 156 HISTORY

133 223 317 270 pectoris,
341 233 531 269 spasmos,
556 225 764 261 tremores,
789 219 1076 268 opisthotonos,
1102 219 1306 270 paralysis,

133 287 342 310 nervorum
377 273 544 315 dolores,
580 275 966 322 praestantissimum
1002 273 1052 309 ad
1087 286 1230 309 canum
1266 278 1308 308 et

133 331 401 364 iumentorum
421 327 606 363 scabiem.

185 379 309 416 XXV.
339 380 413 416 Est
448 385 490 416 et
524 378 805 428 pissasphaltos
840 381 967 415 mixta
1001 379 1186 415 bitumini
1221 381 1308 427 pice

134 433 369 470 naturaliter
406 445 455 468 ex
492 432 837 481 Apolloniatarum
875 445 981 481 agro.
1036 432 1197 481 quidam
1234 434 1307 480 ipsi

134 489 314 522 miscent.
369 488 625 534 praecipuum
665 485 715 521 ad
753 486 926 521 scabiem
959 497 1147 534 pecorum
1182 497 1308 521 reme-

133 540 242 576 dium
269 545 338 575 aut
362 541 393 574 si
418 538 524 574 fetus
547 551 741 575 mammas
766 538 927 574 laeserit
950 538 1155 574 matrum.l
1208 540 1309 587 opti-

135 606 244 629 mum
265 605 314 628 ex
335 605 381 628 eo
402 593 508 641 quod
527 604 617 628 cum
637 592 767 627 fervet
785 594 954 627 innatat.

184 645 318 681 XXVI
324 674 331 681 .
361 645 561 694 Zopissam
575 645 683 681 eradi
695 646 860 681 navibus
873 645 1044 681 diximus
1056 656 1147 680 cera
1157 646 1309 680 marino

135 699 215 734 sale
232 704 446 734 macerata.
479 701 630 747 optima
645 697 744 734 haec
761 711 783 733 a
799 700 980 734 tirocinio
996 700 1168 733 navium.
1200 697 1308 733 addi-

136 758 200 788 tur
217 757 353 787 autem
369 754 409 787 in
424 751 671 800 malagmata
689 751 739 787 ad
755 751 1024 787 discutiendas
1042 750 1307 787 collectiones.

184 804 353 840 XXVII.
381 804 517 840 Taeda
537 805 703 841 decocta
719 804 733 827 2
754 806 792 840 in
815 810 928 841 aceto
949 804 1131 841 dentium
1153 803 1308 840 dolores

135 858 346 894 efficaciter
364 857 566 894 conluunt.

185 910 376 947 XXVIII.
408 910 581 946 Lentisci
608 923 657 946 ex
683 909 850 946 arbore3
876 915 917 946 et
942 922 1080 946 semen
1105 915 1147 946 et
1171 915 1307 946 cortex

136 969 177 999 et
205 964 365 1000 lacrima
394 967 547 999 urinam
577 965 697 1005 cient,
727 963 858 999 alvum
888 966 1045 999 sistunt.
1099 963 1309 999 decoctum

136 1030 271 1053 eorum
298 1017 431 1053 ulcera
457 1029 560 1066 quae
587 1022 753 1065 serpunt
779 1015 878 1052 fotu.
932 1016 1110 1052 inlinitur
1135 1016 1311 1053 umidis4

137 1076 177 1106 et
213 1072 294 1119 igni
330 1083 453 1113 sacro,
487 1072 666 1119 gingivas
702 1069 864 1106 conluit.
919 1068 1012 1106 folia
1046 1069 1234 1106 dentibus
1270 1071 1309 1105 in

135 1122 297 1159 dolore⁵
344 1128 587 1164 atteruntur,
634 1122 799 1159 mobiles
846 1123 1011 1159 decocto
1057 1122 1310 1166 conluuntur‚

135 1176 319 1225 capillum
345 1176 524 1226 tinguit.⁶
577 1176 737 1212 lacrima
761 1176 865 1212 sedis
890 1178 993 1212 vitiis
1018 1176 1195 1223 prodest,
1219 1189 1309 1212 cum

135 1229 230 1278 quid
264 1232 399 1265 siccari
434 1229 681 1265 excalfierive
716 1242 814 1278 opus
849 1232 911 1265 sit.
965 1229 1176 1266 decoctum
1211 1235 1252 1265 et
1287 1242 1308 1265 e

136 1283 294 1318 lacrima
311 1283 325 1305 7
350 1283 554 1319 stomacho
577 1282 688 1325 utile,
711 1288 868 1319 ructum
892 1288 934 1318 et
956 1285 1109 1319 urinam
1132 1295 1310 1326 movens,

186 1360 197 1378 ¹
222 1363 370 1390 matrum
387 1364 516 1390 veterem
531 1358 695 1390 lectionem
711 1359 812 1390 secuti
824 1358 931 1399 Silliq,
945 1358 1128 1401 Detlessen:
1152 1360 1309 1390 nativum

143 1402 303 1443 Mayhoff,
321 1403 377 1442 qai
395 1406 556 1442 punctum
574 1407 646 1442 post
663 1403 799 1433 laeserit
816 1403 930 1442 ponit:
966 1406 1140 1433 maturum
1156 1402 1244 1433 codd.

184 1445 196 1463 2
218 1446 321 1476 taeda
344 1445 484 1476 decocta
508 1445 692 1487 Deilefsen:
719 1445 841 1476 taedae
866 1469 1008 1477 .....
1034 1445 1193 1477 decoctae
1209 1445 1306 1485 May·

140 1488 216 1528 lwsf,
235 1488 290 1528 qui
306 1499 344 1519 ex
359 1488 474 1519 Plinio
489 1487 618 1519 iuniore
641 1487 794 1519 lacunam
817 1488 864 1519 sic
886 1487 1001 1528 explet,
1019 1488 1053 1519 in
1076 1488 1208 1519 astulas
1230 1498 1305 1519 con-

139 1532 227 1562 cisae
243 1542 249 1561 :
281 1531 374 1562 varia
391 1531 478 1562 codd.

181 1572 195 1592 ³
219 1573 350 1604 lentisci
378 1584 419 1604 ex
447 1573 567 1604 arbore
595 1572 759 1615 Dellefsen
775 1585 782 1604 ε
816 1573 949 1604 lentisci
975 1573 1106 1604 arboris
1134 1573 1289 1614 Maylwff
1299 1585 1305 1603 :

143 1616 288 1647 lentiscis
307 1617 371 1647 EX
388 1628 395 1646 ε
428 1617 564 1647 arbores
581 1617 641 1648 EV
658 1616 740 1656 vulg).

185 1660 198 1678 ⁴
223 1659 347 1690 umidis
368 1659 588 1699 Warmiuqton
605 1671 611 1689 z
641 1660 675 1689 in
692 1659 817 1690 umidis
832 1659 920 1690 codd.

187 1701 199 1719 ⁵
222 1703 256 1732 in
272 1702 387 1733 dolore
402 1702 497 1742 vulq„
513 1702 553 1732 M
555 1702 669 1742 aylzoff
681 1714 688 1732 ι
716 1702 831 1733 dolore
846 1702 946 1738 codd„
962 1701 1135 1744 Dellefsen.

187 1745 199 1763 ⁵
221 1745 348 1786 tinguit
363 1745 462 1781 codd,
480 1744 640 1786 Dellefsen
656 1757 662 1775 ε
691 1746 830 1786 tingunt
845 1745 940 1785 vqu„
958 1745 1119 1785 ZlIayhoff.

184 1788 196 1807 ⁷
220 1798 237 1818 e
247 1787 385 1819 lacrima
396 1788 484 1819 codd.
498 1800 504 1818 ε
523 1788 559 1818 in
573 1788 663 1818 uncis
678 1788 848 1828 Mayhoff:
866 1791 901 1819 et
912 1787 1011 1819 delere
1022 1788 1089 1819 vult
1100 1787 1206 1828 Silliq.

179 1873 193 1886 ‘³
217 1869 277 1900 See
300 1868 514 1899 Dioscorides
538 1868 564 1900 Ι,
584 1870 660 1908 73§
680 1870 694 1899 1
714 1869 958 1909 (Wellmann):
985 1868 1019 1900 ἐν
1037 1868 1242 1909 Ἀπολλωνίᾳ
1265 1871 1308 1909 τῇ

135 1912 211 1952 πρὸς
227 1911 424 1951 Ἐπιδάμνῳ.

133 1955 197 2028 whb1
200 1954 506 2028 Οἶὶνίἒίἐέζξειγὶιοᾶέ
523 1954 661 1995 reading
677 1967 683 1985 :
717 1954 736 1966 ‘⁶
751 1954 822 1985 The
841 1954 915 1985 best
932 1954 1069 1986 natural
1085 1954 1168 1985 kind
1185 1955 1213 1984 is
1229 1953 1306 1986 that

139 2065 183 2100 34
