1459 2288
373 182 568 220 PLINY:
614 184 878 221 NATURAL
911 184 1148 222 HISTORY

169 292 290 336 atque
314 286 461 330 Africa,
483 286 590 336 quod
610 289 788 324 toxicum
809 293 964 324 vocant.
1020 301 1160 325 nervos
1183 291 1289 325 enim
1309 292 1350 326 in

169 362 260 385 arcu
279 348 541 385 circumdatos
559 348 659 384 lanis
678 348 845 385 trahunt
865 348 1179 387 adhaerescente
1198 351 1350 387 roscida

101 415 142 445 48
169 410 370 459 lanugine.
425 409 540 459 plura
582 410 632 446 de
677 423 723 446 eo
766 410 937 446 diximus
980 413 1086 447 inter
1128 418 1348 462 unguenta.

100 1031 141 1061 49

167 471 240 507 hoc
277 473 553 521 gravissimum
590 471 711 508 odore
750 477 812 508 est
849 471 1183 522 durissimumque
1222 479 1347 510 tactu.

168 533 383 582 plurimum
402 535 507 569 enim
526 539 657 569 terrae
676 532 841 583 colligit,
860 546 950 569 cum
968 534 1160 583 probetur
1177 537 1350 571 maxime

167 608 324 643 purum,
351 594 575 638 odoratum,
601 594 734 638 molle,
759 594 896 638 viride,
921 598 1152 632 resinosum.
1207 602 1351 633 natura

168 658 204 692 ei
244 655 464 699 molliendi,
504 656 690 699 siccandi,
731 656 1018 705 concoquendi,
1060 670 1242 693 somnum
1283 658 1351 694 ad-

167 717 338 754 liciendi.
393 717 581 767 capillum
625 717 819 754 fluentem
863 717 1023 754 cohibet
1066 721 1350 768 nigritiamque

168 778 358 822 custodit,
382 780 541 816 auribus
564 792 653 815 cum
675 778 943 829 hydromelite
961 785 1029 816 aut
1046 793 1206 817 rosaceo
1221 779 1351 816 infun—

167 840 288 884 ditur,
316 840 486 877 furfures
514 843 615 877 cutis
644 847 685 878 et
712 844 918 877 manantia
944 841 1078 877 ulcera
1104 841 1185 878 sale
1213 841 1351 879 addito

167 908 296 946 sanat,
320 905 460 939 tussim
484 909 664 940 veterem
688 916 778 939 cum
802 908 956 939 storace
981 909 1198 952 sumptum,
1225 904 1351 940 effica-

167 966 367 1000 cissimum
390 964 440 1000 ad
461 970 608 1001 ructus.

217 1025 366 1062 XXXI.
397 1025 543 1062 Alvum
558 1028 664 1062 sistit
679 1031 720 1062 et
735 1025 917 1062 chondris
933 1028 1014 1062 sive
1029 1026 1350 1075 pseudodictam-

167 1101 275 1123 num.
330 1087 588 1137 hypocisthis,
641 1087 884 1124 orobothron
936 1087 1175 1137 quibusdam
1227 1088 1348 1132 dicta,

167 1149 271 1185 malo
296 1155 465 1199 granato
491 1151 691 1186 inmaturo
717 1149 867 1192 similis,
893 1151 1068 1186 nascitur
1094 1155 1139 1186 ut
1165 1149 1350 1194 diximus,

167 1211 240 1247 sub
274 1210 414 1255 cistho,
444 1210 550 1247 unde
584 1224 742 1247 nomen.
797 1210 895 1247 haec
931 1210 1108 1248 arefacta
1138 1213 1179 1247 in
1209 1212 1350 1248 umbra

166 1275 271 1309 sistit
287 1272 420 1309 alvum
436 1285 485 1309 ex
502 1275 592 1308 vino
608 1275 720 1322 nigro
737 1278 896 1309 austero
913 1278 1095 1322 utraque.
1145 1273 1224 1310 duo
1242 1276 1348 1310 enim

166 1347 316 1384 genera
341 1337 438 1378 eius,
463 1334 635 1371 candida
659 1340 701 1371 et
725 1333 825 1371 rufa.
880 1347 972 1371 usus
997 1337 1038 1370 in
1062 1347 1168 1378 suco,
1193 1337 1349 1384 spissat,

171 1399 305 1440 siccat,
321 1402 361 1433 et
375 1395 464 1433 rufa
476 1398 602 1446 magis
617 1395 811 1432 stomachi
824 1395 1130 1432 rheumatismos
1146 1396 1349 1440 emendat,

167 1464 263 1507 pota
283 1458 409 1494 tribus
430 1458 554 1494 obolis
575 1460 778 1507 sanguinis
800 1460 1073 1494 excreationes
1094 1471 1185 1494 cum
1205 1458 1350 1508 amylo,

167 1519 405 1569 dysinterias
433 1526 529 1569 pota
557 1525 599 1556 et
624 1518 768 1563 infusa,
795 1522 893 1556 item
921 1519 1142 1556 verbenaca
1169 1532 1218 1556 ex
1246 1533 1350 1569 aqua

168 1581 264 1618 data
296 1587 365 1618 aut
397 1581 624 1618 carentibus
657 1580 758 1617 febri
791 1594 839 1617 ex
871 1583 962 1617 vino
994 1581 1206 1624 Aminneo,
1237 1581 1350 1618 coch-

168 1642 338 1680 learibus
359 1645 535 1692 quinque
554 1642 703 1679 additis
723 1644 763 1678 in
784 1641 948 1693 cyathos
969 1648 1050 1678 tres
1071 1644 1161 1678 vini.

212 1800 226 1813 ⁰
248 1795 319 1826 The
338 1795 430 1826 word
448 1794 543 1833 τόξον
560 1805 676 1826 means
696 1794 715 1806 “
732 1793 841 1825 bow.’'

214 1838 226 1857 ὃ
249 1839 310 1870 See
328 1838 425 1869 Book
443 1838 526 1875 XII,
544 1839 576 1876 ἓξ
592 1839 632 1869 73
647 1837 716 1868 foll.

211 1886 222 1899 ⁰
246 1882 342 1912 Book
360 1881 492 1918 XXIV,
510 1882 524 1920 ξ
540 1882 591 1912 81.

211 1923 225 1942 ‘²
248 1925 318 1955 The
346 1924 438 1955 word
466 1923 714 1965 “hypocisthis
730 1923 749 1935 '³
778 1923 812 1954 in
840 1923 949 1954 Greek
975 1933 1092 1954 means
1120 1923 1140 1935 “
1156 1923 1263 1954 under
1288 1923 1347 1954 the

168 1966 331 1998 cisthus.”

211 2014 221 2028 2
244 2010 286 2041 Et
302 2010 362 2040 has
379 2009 473 2040 often
491 2012 528 2040 to
544 2009 585 2040 be
600 2008 791 2040 translated
808 2008 827 2020 “
843 2008 914 2040 or.''
962 2008 1163 2040 Sometimes
1178 2009 1237 2039 the
1253 2019 1347 2039 sense

168 2053 277 2084 shows
302 2053 380 2084 that
407 2052 426 2064 ‘⁶
442 2062 479 2083 or
495 2052 514 2064 ’³
539 2053 567 2083 is
592 2052 651 2083 the
677 2052 819 2083 obvious
844 2051 1059 2089 translation,
1084 2052 1144 2083 the
1168 2052 1348 2083 difference

167 2125 238 2160 300
