1459 2288
87 336 124 366 18

86 814 124 843 19

356 123 551 160 PLINY:
597 122 859 159 NATURAL
893 121 1129 159 HISTORY

151 226 284 262 ferret.
355 224 544 262 defuncta
580 237 743 273 corpora
778 227 1006 273 incorrupta
1041 226 1146 260 aevis
1183 229 1328 268 servat,

150 281 324 315 viventia
370 280 600 327 corrumpit,
643 280 742 313 mira
791 276 1028 319 differentia,
1074 290 1164 313 cum
1206 280 1329 314 vitam

151 331 307 367 auferat
327 331 567 380 spirantibus
589 330 868 378 defunctisque
890 343 960 379 pro
980 332 1061 366 vita
1082 333 1144 366 sit.
1200 336 1330 367 vestes

150 397 309 433 quoque
337 387 553 433 corrumpit
581 389 623 420 et
651 383 835 420 animalia
862 389 993 419 necat.
1047 383 1098 420 ob
1126 383 1225 419 haec
1252 397 1330 420 non

149 451 333 474 censeam
361 440 399 473 in
427 439 579 487 anginis
606 436 679 473 hoc
705 436 882 473 remedio
909 435 1105 473 utendum
1132 449 1263 485 neque
1290 439 1330 472 in

149 490 442 533 cruditatibus,¹
472 490 578 539 quod
605 502 765 526 suasere
794 489 928 538 aliqui,
956 495 1133 539 gustatu.
1188 489 1330 526 dentes

151 557 309 593 quoque
343 543 528 580 conluere
563 556 611 579 ex
646 549 760 579 aceto
793 545 833 578 in
867 542 1001 579 dolore
1034 545 1235 578 timuerim
1269 542 1330 579 vel

150 599 337 647 gravitati
359 603 428 633 aut
448 597 646 633 vermibus
667 599 820 632 aurium
841 595 1044 631 instillare.
1099 601 1330 644 portentum

151 656 213 686 est
234 649 340 699 quod
362 649 527 686 tradunt
549 650 771 686 abortivum
794 649 877 685 fieri
900 651 939 684 in
960 661 1106 685 venere
1128 654 1223 685 ante
1244 662 1331 698 per-

151 702 239 739 fusa
254 703 454 739 virilitate.
503 701 730 751 phthiriasis
747 714 999 751 perunguere
1017 714 1064 738 eo
1079 715 1158 738 non
1175 701 1330 739 dubita-

152 758 287 799 verim,
310 759 408 792 item
430 758 660 805 porrigines.
716 755 887 792 suadent
910 761 952 791 et
973 760 1112 792 contra
1133 768 1330 791 venenum

153 809 294 857 leporis
308 812 447 845 marini
461 809 599 845 bibere
613 811 652 844 in
666 821 793 857 passo.
849 807 1000 844 facilius
1014 811 1054 844 in
1069 807 1330 856 elephantiasi

152 862 350 898 inlinant.2
385 868 426 898 et
460 861 593 898 ulcera
627 861 784 898 sordida
819 867 860 897 et
895 863 1165 897 excrescentia
1199 863 1240 897 in
1273 860 1332 898 his

151 921 332 952 auctores
356 914 518 964 quidam
543 921 584 951 et
607 914 808 951 oculorum
833 914 1040 964 albugines
1063 914 1331 964 caliginesque

151 971 343 1005 inunxere
367 981 414 1004 eo
437 974 479 1004 et
502 973 639 1004 contra
662 968 858 1016 pulmonis
881 967 1013 1004 ulcera
1035 967 1225 1018 cyathum
1249 970 1331 1004 eius

151 1022 298 1058 sorberi
317 1024 530 1064 iusserunt,
548 1024 647 1057 item
666 1021 852 1057 adversus
870 1023 1037 1057 taenias.
1092 1020 1138 1057 fit
1157 1034 1205 1057 ex
1225 1033 1272 1058 eo
1291 1027 1332 1058 et

151 1074 282 1111 oleum
325 1074 431 1124 quod
472 1074 693 1124 pisselaeon
735 1079 892 1117 vocant,
934 1073 1240 1111 vehementioris
1283 1074 1332 1111 ad

150 1130 283 1164 omnia
320 1128 462 1164 eadem
499 1141 604 1164 usus.
659 1127 765 1164 cedri
804 1127 921 1164 scobe
958 1133 1165 1176 serpentes
1202 1125 1329 1177 fugari

151 1187 304 1217 certum
330 1187 404 1223 est,
430 1183 529 1217 item
552 1181 660 1217 bacis
685 1183 790 1217 tritis
815 1194 904 1217 cum
930 1180 1016 1217 oleo
1041 1183 1071 1217 si
1098 1183 1164 1230 qui
1189 1193 1333 1229 perun-

151 1240 336 1283 guantur.

204 1311 214 1329 ¹
240 1311 467 1341 cruditatibus
503 1311 604 1347 codd„
641 1310 710 1341 edd.
727 1322 733 1340 :
781 1310 1006 1341 raucitatibus
1042 1309 1110 1341 coll.
1145 1309 1332 1341 Dioscorida

163 1353 245 1384 coni.
263 1354 434 1393 fllayhosf:
466 1353 573 1383 nescio
589 1364 633 1383 an
651 1358 737 1384 recte.

160 1396 383 1470 vaj-zkizngalrlzrilnt
407 1397 451 1427 Vl
478 1396 584 1436 Silliq,
611 1396 767 1435 Masshoff
779 1408 785 1426 :
816 1396 967 1426 inlinunt
988 1395 1123 1431 Brotier‚
1144 1395 1330 1437 Dellefsen:

199 1519 213 1533 ‘²
236 1516 287 1545 An
311 1514 552 1545 instrumental
574 1514 737 1550 amative,
760 1513 927 1554 although
949 1513 1049 1554 Pliny
1072 1524 1147 1544 uses
1168 1514 1238 1545 this
1258 1525 1332 1545 case

163 1563 198 1588 to
212 1568 350 1597 express
366 1557 539 1588 duration.
587 1557 687 1597 Pliny
703 1557 776 1588 also
800 1557 861 1587 has
883 1557 920 1587 in
941 1567 1058 1588 aevum
1084 1557 1231 1588 XXXV.
1249 1558 1264 1597 §
1280 1560 1310 1588 4.

200 1600 211 1619 ⁶
234 1600 376 1641 Though
397 1600 492 1631 there
513 1611 569 1631 are
590 1611 634 1631 no
654 1601 745 1641 signs
766 1600 806 1630 os
822 1601 977 1630 variants
997 1600 1032 1630 in
1052 1599 1111 1631 the
1131 1600 1237 1637 MSS„
1258 1601 1286 1631 it
1305 1601 1333 1631 is

152 1643 253 1683 likely
271 1643 404 1684 enough
423 1643 501 1674 that
519 1643 578 1674 the
597 1644 790 1683 conjecture
810 1643 1022 1674 raucitatibus
1042 1646 1129 1682 (sore
1148 1643 1279 1683 throat)
1298 1643 1337 1674 of

152 1685 305 1726 Mayhoff
325 1687 352 1716 is
369 1690 508 1722 correct,
525 1686 578 1716 for
594 1686 810 1717 Dioscorides
826 1685 888 1716 has
904 1685 1106 1725 παρισθμίων
1123 1685 1331 1726 φλεγμοναῖς.

152 1728 422 1769 Corresponding
440 1733 478 1759 to
497 1734 638 1769 qustum,
658 1728 824 1764 however,
845 1729 873 1759 is
891 1728 1105 1769 περίχριστος.

196 1777 206 1790 ⁶
231 1772 257 1801 Α
303 1771 454 1806 mollusc,
499 1771 642 1810 Aplysia
688 1771 840 1810 mlyezris.
894 1771 1022 1807 Above,
1066 1770 1261 1810 phthiriasis
1305 1773 1333 1802 is

152 1813 275 1849 {Greek
291 1814 499 1853 φθειριάσεις)
516 1824 584 1844 acc.
602 1813 645 1854 pl.

201 1856 215 1874 ‘²
241 1857 259 1868 “
276 1857 375 1888 Pitch
391 1857 471 1887 oil.”

202 1906 211 1917 f
234 1899 305 1930 The
321 1901 473 1930 mention
495 1899 534 1930 of
554 1899 676 1930 berries
697 1899 814 1930 makes
832 1909 926 1930 some
947 1902 1214 1930 commentators
1233 1899 1333 1930 think

153 1941 231 1973 that
258 1942 358 1983 Pliny
385 1943 413 1973 is
440 1942 519 1973 here
550 1942 728 1982 confusing
756 1942 856 1973 cedar
883 1942 951 1972 and
982 1943 1126 1982 juniper.
1173 1941 1245 1972 But
1274 1942 1332 1972 the

152 1984 171 1997 ‘⁴
183 1985 300 2016 eedars
312 1984 331 1997 ”
349 1985 388 2015 of
400 1985 468 2016 this
486 1984 627 2025 chapter
643 1995 697 2015 are
714 1986 876 2025 juniperS.

162 2046 203 2080 16
