1459 2288
370 174 565 212 PLINY:
611 175 875 213 NATURAL
908 175 1145 213 HISTORY

169 291 354 328 cyamum
374 283 584 314 contusum
604 291 694 314 cum
715 277 817 314 foliis
839 291 888 314 ex
915 280 1005 315 vino
1032 278 1150 315 datur
1176 277 1348 328 peculia-

169 351 265 385 riter
283 353 420 384 contra
440 347 608 397 aspidas.

82 423 141 454 105
219 417 324 453 LIX.
356 417 475 453 Nulla
495 423 631 454 tamen
653 417 856 454 Romanae
877 418 1096 454 nobilitatis
1117 417 1204 467 plus
1225 417 1348 454 habet

169 500 289 537 quam
306 487 417 523 hiera
434 488 595 524 botane.
652 487 774 537 aliqui
792 490 1023 531 aristereon,
1041 490 1165 524 nostri
1183 487 1348 523 verben-

169 570 280 593 acam
300 563 454 594 vocant.
510 557 608 593 haec
629 563 690 593 est
711 570 831 606 quam
851 557 1004 607 legatos
1026 557 1127 593 ferre
1144 557 1194 593 ad
1213 556 1347 593 hostes

168 627 440 664 indicavimus.
496 627 568 663 hac
625 627 726 663 Iovis
781 640 919 663 mensa
974 630 1154 670 verritur,
1208 627 1347 663 domus

168 703 391 747 purgantur
433 697 746 746 lustranturque.
801 710 950 747 genera
990 700 1073 733 eius
1115 697 1194 733 duo
1233 702 1348 733 sunt:

168 766 307 803 foliosa
331 780 451 816 quam
478 766 667 803 feminam
695 772 854 816 putant,
888 780 971 803 mas
996 767 1206 803 rarioribus
1233 765 1346 802 foliis.

81 842 140 872 106
166 837 307 873 ramuli
334 839 540 886 utriusque
566 836 713 886 plures,
740 842 895 880 tenues,
921 836 1128 880 cubitales,
1155 835 1348 886 angulosi,

166 906 261 943 folia
289 909 442 943 minora
470 920 589 956 quam
619 920 785 955 quercus
815 909 1139 956 angustioraque‚
1168 906 1347 943 divisuris

169 977 398 1019 maioribus,
416 975 485 1013 flos
503 976 680 1026 glaucus,
698 977 810 1013 radix
828 976 960 1026 longa,
978 979 1121 1013 tenuis.
1177 978 1349 1012 nascitur

167 1048 315 1095 ubique
332 1049 371 1082 in
387 1046 515 1095 planis
533 1049 700 1095 aquosis.
757 1046 921 1095 quidam
937 1060 1015 1082 non
1031 1046 1287 1096 distinguunt
1307 1051 1347 1082 et

167 1130 290 1153 unum
305 1119 465 1153 omnino
479 1130 604 1166 genus
619 1115 785 1159 faciunt,
800 1119 987 1165 quoniam
1001 1122 1171 1165 utraque
1187 1115 1348 1152 eosdem

167 1185 331 1223 effectus
360 1186 520 1223 habeat.
576 1192 745 1235 utraque
776 1189 996 1223 sortiuntur
1026 1185 1132 1222 Galli
1163 1191 1204 1222 et
1235 1198 1348 1235 prae-

166 1259 305 1293 cinunt
342 1269 542 1305 responsa,
580 1256 650 1292 sed
689 1255 802 1306 Magi
838 1259 978 1305 utique
1015 1258 1117 1292 circa
1152 1255 1254 1291 hanc
1290 1258 1347 1291 in-

166 1329 350 1369 saniunt3
382 1325 456 1362 hac
476 1331 689 1375 perunctos
709 1328 911 1375 inpetrare
933 1338 1035 1374 quae
1058 1325 1195 1369 velint,
1216 1324 1347 1361 febres

166 1396 341 1445 abigere,
386 1398 578 1432 amicitias
621 1395 829 1432 conciliare
871 1395 1049 1444 nullique
1091 1408 1169 1431 non
1210 1395 1347 1431 morbo

80 1471 137 1501 107
164 1466 328 1502 mederi.
383 1465 516 1515 colligi
556 1465 704 1502 debere
744 1468 846 1501 circa
884 1467 990 1501 canis
1031 1471 1162 1501 ortum
1201 1467 1258 1501 ita
1296 1477 1346 1501 ne

166 1535 261 1572 luna
283 1541 352 1572 aut
373 1535 430 1571 sol
452 1538 682 1584 conspiciat,
704 1534 801 1571 favis
825 1541 918 1571 ante
941 1541 983 1571 et
1003 1534 1123 1571 melle
1144 1540 1275 1571 terrae
1297 1534 1347 1571 ad

167 1608 416 1655 piamentum
439 1605 556 1648 datis,
579 1607 916 1654 circumscriptam
938 1603 1041 1641 ferro
1058 1603 1176 1640 effodi
1190 1606 1345 1640 sinistra

166 1688 286 1711 manu
314 1681 355 1711 et
380 1677 420 1711 in
441 1674 611 1711 sublime
632 1674 734 1718 tolli,
754 1677 888 1710 siccari
909 1676 949 1710 in
970 1674 1110 1710 umbra
1130 1676 1345 1723 separatim

167 1743 275 1788 folia,
308 1744 477 1788 caulem,
515 1744 702 1781 radicem.
759 1747 885 1787 aiunt,
924 1746 955 1780 si
994 1756 1099 1793 aqua
1137 1749 1347 1793 spargatur

204 1910 219 1926 ⁰
243 1906 304 1938 See
322 1907 441 1938 XXII.
459 1907 474 1946 ξ
491 1909 521 1938 5.

206 1950 218 1969 ⁶
243 1950 388 1990 Namely
405 1961 447 1981 on
463 1950 522 1981 the
537 1950 642 1980 feasts
658 1949 696 1980 of
706 1949 855 1990 Jupiter.

203 1997 215 2011 ⁶
239 1993 389 2024 Bostoek
410 1993 478 2024 and
498 1993 597 2033 Rfley
617 1992 783 2024 translate
807 2003 843 2023 as
862 1991 995 2033 though
1014 1992 1098 2022 hanc
1117 2002 1203 2023 were
1224 1992 1343 2023 under-

159 2036 260 2067 stood
284 2036 398 2067 before
413 2036 531 2076 febres,
555 2036 618 2067 but
641 2035 753 2076 surely
775 2035 871 2067 there
891 2036 919 2066 is
940 2045 984 2067 no
1006 2035 1143 2066 insania
1166 2036 1200 2067 in
1225 2036 1344 2076 saying

166 2108 237 2141 214
