<?xml version="1.0" encoding="UTF-8"?>
<!DOCTYPE html PUBLIC "-//W3C//DTD XHTML 1.0 Transitional//EN"
    "http://www.w3.org/TR/xhtml1/DTD/xhtml1-transitional.dtd">
<html xmlns="http://www.w3.org/1999/xhtml" xml:lang="en" lang="en">
 <head>
  <title>
</title>
<meta http-equiv="Content-Type" content="text/html;charset=utf-8" />
  <meta name='ocr-system' content='tesseract 3.04.00' />
  <meta name='ocr-capabilities' content='ocr_page ocr_carea ocr_par ocr_line ocrx_word'/>
</head>
<body>
  <div class='ocr_page' id='page_1' title='image "./naturalhistory07plinuoft_0436.png"; bbox 0 0 1459 2288; ppageno 0'>
   <div class='ocr_carea' id='block_1_1' title="bbox 408 171 1182 210">
    <p class='ocr_par' dir='ltr' id='par_1_1' title="bbox 408 171 1182 210">
     <span class='ocr_line' id='line_1_1' title="bbox 408 171 1182 210; baseline -0.003 0"><span class='ocrx_word' id='word_1_1' title='bbox 408 173 602 210; x_wconf 83' lang='lat' dir='ltr'><strong>PLINY:</strong></span> <span class='ocrx_word' id='word_1_2' title='bbox 650 172 912 209; x_wconf 86' lang='lat' dir='ltr'><strong>NATURAL</strong></span> <span class='ocrx_word' id='word_1_3' title='bbox 947 171 1182 209; x_wconf 86' lang='lat' dir='ltr'><strong>HISTORY</strong></span> 
     </span>
    </p>
   </div>
   <div class='ocr_carea' id='block_1_2' title="bbox 139 274 1390 1338">
    <p class='ocr_par' dir='ltr' id='par_1_2' title="bbox 208 274 1384 368">
     <span class='ocr_line' id='line_1_2' title="bbox 208 274 1384 328; baseline -0.003 -14"><span class='ocrx_word' id='word_1_4' title='bbox 208 291 285 328; x_wconf 91' lang='lat' dir='ltr'>que</span> <span class='ocrx_word' id='word_1_5' title='bbox 300 279 360 314; x_wconf 93' lang='lat' dir='ltr'>uti</span> <span class='ocrx_word' id='word_1_6' title='bbox 374 276 448 313; x_wconf 86' lang='lat' dir='ltr'>hac</span> <span class='ocrx_word' id='word_1_7' title='bbox 463 276 588 313; x_wconf 88' lang='lat' dir='ltr'>herba</span> <span class='ocrx_word' id='word_1_8' title='bbox 602 275 766 325; x_wconf 87' lang='lat' dir='ltr'>prodest</span> <span class='ocrx_word' id='word_1_9' title='bbox 781 281 872 312; x_wconf 90' lang='lat' dir='ltr'>tusa</span> <span class='ocrx_word' id='word_1_10' title='bbox 886 288 976 312; x_wconf 90' lang='lat' dir='ltr'>cum</span> <span class='ocrx_word' id='word_1_11' title='bbox 991 274 1093 312; x_wconf 86' lang='lat' dir='ltr'>foliis</span> <span class='ocrx_word' id='word_1_12' title='bbox 1110 281 1152 312; x_wconf 89' lang='lat' dir='ltr'>et</span> <span class='ocrx_word' id='word_1_13' title='bbox 1166 275 1281 312; x_wconf 86' lang='lat' dir='ltr'>inlita</span> <span class='ocrx_word' id='word_1_14' title='bbox 1295 288 1384 312; x_wconf 91' lang='lat' dir='ltr'>cum</span> 
     </span>
     <span class='ocr_line' id='line_1_3' title="bbox 209 343 402 368; baseline -0.01 0"><span class='ocrx_word' id='word_1_15' title='bbox 209 344 301 368; x_wconf 91' lang='lat' dir='ltr'>suco</span> <span class='ocrx_word' id='word_1_16' title='bbox 321 343 402 367; x_wconf 94' lang='lat' dir='ltr'>suo.</span> 
     </span>
    </p>

    <p class='ocr_par' dir='ltr' id='par_1_3' title="bbox 139 380 1388 912">
     <span class='ocr_line' id='line_1_4' title="bbox 139 380 1385 431; baseline -0.002 -11"><span class='ocrx_word' id='word_1_17' title='bbox 139 389 181 420; x_wconf 84' lang='lat'>45</span> <span class='ocrx_word' id='word_1_18' title='bbox 255 382 445 420; x_wconf 90' lang='lat' dir='ltr'><strong>XXVIII.</strong></span> <span class='ocrx_word' id='word_1_19' title='bbox 475 381 676 418; x_wconf 88' lang='lat' dir='ltr'>Absinthii</span> <span class='ocrx_word' id='word_1_20' title='bbox 691 394 841 431; x_wconf 87' lang='lat' dir='ltr'>genera</span> <span class='ocrx_word' id='word_1_21' title='bbox 855 381 969 431; x_wconf 91' lang='lat' dir='ltr'>plura</span> <span class='ocrx_word' id='word_1_22' title='bbox 986 386 1100 418; x_wconf 89' lang='lat' dir='ltr'>sunt:</span> <span class='ocrx_word' id='word_1_23' title='bbox 1129 380 1385 418; x_wconf 87' lang='lat' dir='ltr'>Santonicum</span> 
     </span>
     <span class='ocr_line' id='line_1_5' title="bbox 209 433 1385 486; baseline -0.003 -13"><span class='ocrx_word' id='word_1_24' title='bbox 209 436 434 486; x_wconf 89' lang='lat' dir='ltr'>appellatur</span> <span class='ocrx_word' id='word_1_25' title='bbox 457 448 478 472; x_wconf 86' lang='lat' dir='ltr'>e</span> <span class='ocrx_word' id='word_1_26' title='bbox 503 435 656 472; x_wconf 89' lang='lat' dir='ltr'>Galliae</span> <span class='ocrx_word' id='word_1_27' title='bbox 678 437 855 478; x_wconf 81' lang='lat' dir='ltr'>civitate,</span> <span class='ocrx_word' id='word_1_28' title='bbox 878 433 1087 471; x_wconf 90' lang='lat' dir='ltr'>Ponticum</span> <span class='ocrx_word' id='word_1_29' title='bbox 1110 447 1132 471; x_wconf 92' lang='lat' dir='ltr'>e</span> <span class='ocrx_word' id='word_1_30' title='bbox 1155 433 1297 478; x_wconf 87' lang='lat' dir='ltr'>Ponto,</span> <span class='ocrx_word' id='word_1_31' title='bbox 1319 434 1385 470; x_wconf 91' lang='lat' dir='ltr'>ubi</span> 
     </span>
     <span class='ocr_line' id='line_1_6' title="bbox 208 486 1386 540; baseline -0.002 -14"><span class='ocrx_word' id='word_1_32' title='bbox 208 503 352 540; x_wconf 84' lang='lat' dir='ltr'>pecora</span> <span class='ocrx_word' id='word_1_33' title='bbox 366 492 633 539; x_wconf 85' lang='lat' dir='ltr'>pinguescunt</span> <span class='ocrx_word' id='word_1_34' title='bbox 647 488 715 524; x_wconf 87' lang='lat' dir='ltr'>illo</span> <span class='ocrx_word' id='word_1_35' title='bbox 732 494 774 524; x_wconf 92' lang='lat' dir='ltr'>et</span> <span class='ocrx_word' id='word_1_36' title='bbox 789 488 840 524; x_wconf 93' lang='lat' dir='ltr'>ob</span> <span class='ocrx_word' id='word_1_37' title='bbox 854 487 896 524; x_wconf 89' lang='lat' dir='ltr'>id</span> <span class='ocrx_word' id='word_1_38' title='bbox 911 490 995 524; x_wconf 87' lang='lat' dir='ltr'>sine</span> <span class='ocrx_word' id='word_1_39' title='bbox 1011 486 1105 524; x_wconf 88' lang='lat' dir='ltr'>felle</span> <span class='ocrx_word' id='word_1_40' title='bbox 1120 490 1386 537; x_wconf 87' lang='lat' dir='ltr'>reperiuntur,</span> 
     </span>
     <span class='ocr_line' id='line_1_7' title="bbox 209 540 1382 592; baseline -0.002 -13"><span class='ocrx_word' id='word_1_41' title='bbox 209 556 339 592; x_wconf 91' lang='lat' dir='ltr'>neque</span> <span class='ocrx_word' id='word_1_42' title='bbox 353 542 460 579; x_wconf 89' lang='lat' dir='ltr'>aliud</span> <span class='ocrx_word' id='word_1_43' title='bbox 471 540 968 591; x_wconf 85' lang='lat' dir='ltr'>praestantius,multoque</span> <span class='ocrx_word' id='word_1_44' title='bbox 982 540 1186 577; x_wconf 83' lang='lat' dir='ltr'>Italicum1</span> <span class='ocrx_word' id='word_1_45' title='bbox 1199 543 1382 584; x_wconf 90' lang='lat' dir='ltr'>amarius,</span> 
     </span>
     <span class='ocr_line' id='line_1_8' title="bbox 209 594 1386 637; baseline -0.003 -4"><span class='ocrx_word' id='word_1_46' title='bbox 209 596 279 633; x_wconf 89' lang='lat' dir='ltr'>sed</span> <span class='ocrx_word' id='word_1_47' title='bbox 308 595 486 633; x_wconf 85' lang='lat' dir='ltr'>medulla</span> <span class='ocrx_word' id='word_1_48' title='bbox 516 594 668 632; x_wconf 80' lang='lat' dir='ltr'>Pontici</span> <span class='ocrx_word' id='word_1_49' title='bbox 699 594 835 631; x_wconf 86' lang='lat' dir='ltr'>dulcis.</span> <span class='ocrx_word' id='word_1_50' title='bbox 889 594 940 631; x_wconf 93' lang='lat' dir='ltr'>de</span> <span class='ocrx_word' id='word_1_51' title='bbox 970 607 1043 630; x_wconf 90' lang='lat' dir='ltr'>usu</span> <span class='ocrx_word' id='word_1_52' title='bbox 1074 596 1157 630; x_wconf 92' lang='lat' dir='ltr'>eius</span> <span class='ocrx_word' id='word_1_53' title='bbox 1188 596 1386 637; x_wconf 91' lang='lat' dir='ltr'>convenit,</span> 
     </span>
     <span class='ocr_line' id='line_1_9' title="bbox 208 646 1385 697; baseline -0.003 -11"><span class='ocrx_word' id='word_1_54' title='bbox 208 649 357 686; x_wconf 83' lang='lat' dir='ltr'>herbae</span> <span class='ocrx_word' id='word_1_55' title='bbox 397 647 608 685; x_wconf 81' lang='lat' dir='ltr'>facillimae</span> <span class='ocrx_word' id='word_1_56' title='bbox 648 653 771 697; x_wconf 86' lang='lat' dir='ltr'>atque</span> <span class='ocrx_word' id='word_1_57' title='bbox 810 650 916 684; x_wconf 87' lang='lat' dir='ltr'>inter</span> <span class='ocrx_word' id='word_1_58' title='bbox 953 660 1098 696; x_wconf 89' lang='lat' dir='ltr'>paucas</span> <span class='ocrx_word' id='word_1_59' title='bbox 1138 646 1385 690; x_wconf 81' lang='lat' dir='ltr'>utilissimae,</span> 
     </span>
     <span class='ocr_line' id='line_1_10' title="bbox 209 700 1387 752; baseline -0.003 -13"><span class='ocrx_word' id='word_1_60' title='bbox 209 709 420 752; x_wconf 89' lang='lat' dir='ltr'>praeterea</span> <span class='ocrx_word' id='word_1_61' title='bbox 442 704 559 738; x_wconf 88' lang='lat' dir='ltr'>sacris</span> <span class='ocrx_word' id='word_1_62' title='bbox 583 700 719 751; x_wconf 91' lang='lat' dir='ltr'>populi</span> <span class='ocrx_word' id='word_1_63' title='bbox 742 700 910 737; x_wconf 88' lang='lat' dir='ltr'>Romani</span> <span class='ocrx_word' id='word_1_64' title='bbox 933 700 1160 737; x_wconf 82' lang='lat' dir='ltr'>celebratae</span> <span class='ocrx_word' id='word_1_65' title='bbox 1182 700 1387 750; x_wconf 90' lang='lat' dir='ltr'>peculiari-</span> 
     </span>
     <span class='ocr_line' id='line_1_11' title="bbox 209 753 1387 805; baseline -0.003 -13"><span class='ocrx_word' id='word_1_66' title='bbox 209 762 285 799; x_wconf 78' lang='lat' dir='ltr'>ter,</span> <span class='ocrx_word' id='word_1_67' title='bbox 311 755 507 805; x_wconf 88' lang='lat' dir='ltr'>siquidem</span> <span class='ocrx_word' id='word_1_68' title='bbox 534 754 767 791; x_wconf 87' lang='lat' dir='ltr'>Latinarum</span> <span class='ocrx_word' id='word_1_69' title='bbox 792 753 898 790; x_wconf 86' lang='lat' dir='ltr'>feriis</span> <span class='ocrx_word' id='word_1_70' title='bbox 925 753 1142 803; x_wconf 84' lang='lat' dir='ltr'>quadrigae</span> <span class='ocrx_word' id='word_1_71' title='bbox 1167 759 1324 790; x_wconf 86' lang='lat' dir='ltr'>certant</span> <span class='ocrx_word' id='word_1_72' title='bbox 1347 756 1387 789; x_wconf 89' lang='lat' dir='ltr'>in</span> 
     </span>
     <span class='ocr_line' id='line_1_12' title="bbox 210 806 1387 858; baseline -0.003 -12"><span class='ocrx_word' id='word_1_73' title='bbox 210 809 408 858; x_wconf 87' lang='lat' dir='ltr'>Capitolio</span> <span class='ocrx_word' id='word_1_74' title='bbox 422 811 625 857; x_wconf 83' lang='lat' dir='ltr'>victorque</span> <span class='ocrx_word' id='word_1_75' title='bbox 640 807 883 844; x_wconf 77' lang='lat' dir='ltr'>absinthium</span> <span class='ocrx_word' id='word_1_76' title='bbox 897 807 1012 850; x_wconf 80' lang='lat' dir='ltr'>bibit,</span> <span class='ocrx_word' id='word_1_77' title='bbox 1027 806 1158 850; x_wconf 87' lang='lat' dir='ltr'>credo,</span> <span class='ocrx_word' id='word_1_78' title='bbox 1172 809 1387 843; x_wconf 86' lang='lat' dir='ltr'>sanitatem</span> 
     </span>
     <span class='ocr_line' id='line_1_13' title="bbox 210 860 1388 912; baseline -0.003 -13"><span class='ocrx_word' id='word_1_79' title='bbox 210 865 387 912; x_wconf 88' lang='lat' dir='ltr'>praemio</span> <span class='ocrx_word' id='word_1_80' title='bbox 421 862 504 898; x_wconf 90' lang='lat' dir='ltr'>dari</span> <span class='ocrx_word' id='word_1_81' title='bbox 539 861 753 897; x_wconf 88' lang='lat' dir='ltr'>honorifice</span> <span class='ocrx_word' id='word_1_82' title='bbox 789 861 989 897; x_wconf 84' lang='lat' dir='ltr'>arbitratis</span> <span class='ocrx_word' id='word_1_83' title='bbox 1023 860 1249 897; x_wconf 90' lang='lat' dir='ltr'>maioribus.</span> <span class='ocrx_word' id='word_1_84' title='bbox 1310 866 1388 896; x_wconf 89' lang='lat' dir='ltr'>sto-</span> 
     </span>
    </p>

    <p class='ocr_par' dir='ltr' id='par_1_4' title="bbox 144 913 1390 1338">
     <span class='ocr_line' id='line_1_14' title="bbox 144 913 1390 962; baseline -0.001 -12"><span class='ocrx_word' id='word_1_85' title='bbox 144 921 185 951; x_wconf 84' lang='lat'>46</span> <span class='ocrx_word' id='word_1_86' title='bbox 209 915 394 952; x_wconf 87' lang='lat' dir='ltr'>maehum</span> <span class='ocrx_word' id='word_1_87' title='bbox 427 915 668 957; x_wconf 78' lang='lat' dir='ltr'>corroborat,</span> <span class='ocrx_word' id='word_1_88' title='bbox 701 919 743 950; x_wconf 90' lang='lat' dir='ltr'>et</span> <span class='ocrx_word' id='word_1_89' title='bbox 775 914 826 950; x_wconf 91' lang='lat' dir='ltr'>ob</span> <span class='ocrx_word' id='word_1_90' title='bbox 857 913 931 950; x_wconf 94' lang='lat' dir='ltr'>hoc</span> <span class='ocrx_word' id='word_1_91' title='bbox 963 927 1079 962; x_wconf 86' lang='lat' dir='ltr'>sapor</span> <span class='ocrx_word' id='word_1_92' title='bbox 1111 916 1195 950; x_wconf 90' lang='lat' dir='ltr'>eius</span> <span class='ocrx_word' id='word_1_93' title='bbox 1226 916 1267 950; x_wconf 89' lang='lat' dir='ltr'>in</span> <span class='ocrx_word' id='word_1_94' title='bbox 1299 916 1390 949; x_wconf 88' lang='lat' dir='ltr'>vina</span> 
     </span>
     <span class='ocr_line' id='line_1_15' title="bbox 210 966 1390 1016; baseline -0.003 -11"><span class='ocrx_word' id='word_1_95' title='bbox 210 967 462 1011; x_wconf 78' lang='lat' dir='ltr'>transfertur,</span> <span class='ocrx_word' id='word_1_96' title='bbox 491 974 536 1004; x_wconf 91' lang='lat' dir='ltr'>ut</span> <span class='ocrx_word' id='word_1_97' title='bbox 563 967 746 1004; x_wconf 89' lang='lat' dir='ltr'>diximus.</span> <span class='ocrx_word' id='word_1_98' title='bbox 801 967 950 1003; x_wconf 80' lang='lat' dir='ltr'>bibitur</span> <span class='ocrx_word' id='word_1_99' title='bbox 979 972 1021 1003; x_wconf 87' lang='lat' dir='ltr'>et</span> <span class='ocrx_word' id='word_1_100' title='bbox 1048 966 1258 1003; x_wconf 91' lang='lat' dir='ltr'>decoctum</span> <span class='ocrx_word' id='word_1_101' title='bbox 1286 979 1390 1016; x_wconf 90' lang='lat' dir='ltr'>aqua</span> 
     </span>
     <span class='ocr_line' id='line_1_16' title="bbox 211 1018 1388 1071; baseline -0.002 -13"><span class='ocrx_word' id='word_1_102' title='bbox 211 1036 256 1058; x_wconf 89' lang='lat' dir='ltr'>ac</span> <span class='ocrx_word' id='word_1_103' title='bbox 297 1028 438 1071; x_wconf 84' lang='lat' dir='ltr'>postea</span> <span class='ocrx_word' id='word_1_104' title='bbox 479 1027 596 1057; x_wconf 90' lang='lat' dir='ltr'>nocte</span> <span class='ocrx_word' id='word_1_105' title='bbox 639 1026 681 1057; x_wconf 90' lang='lat' dir='ltr'>et</span> <span class='ocrx_word' id='word_1_106' title='bbox 723 1020 788 1057; x_wconf 93' lang='lat' dir='ltr'>die</span> <span class='ocrx_word' id='word_1_107' title='bbox 828 1019 1109 1069; x_wconf 83' lang='lat' dir='ltr'>refrigeratum</span> <span class='ocrx_word' id='word_1_108' title='bbox 1152 1020 1224 1056; x_wconf 93' lang='lat' dir='ltr'>sub</span> <span class='ocrx_word' id='word_1_109' title='bbox 1266 1018 1388 1062; x_wconf 84' lang='lat' dir='ltr'>divo‚2</span> 
     </span>
     <span class='ocr_line' id='line_1_17' title="bbox 212 1072 1389 1123; baseline -0.003 -11"><span class='ocrx_word' id='word_1_110' title='bbox 212 1075 409 1123; x_wconf 82' lang='lat' dir='ltr'>†decoctis</span> <span class='ocrx_word' id='word_1_111' title='bbox 442 1088 512 1111; x_wconf 81' lang='lat' dir='ltr'>sex</span> <span class='ocrx_word' id='word_1_112' title='bbox 541 1073 736 1111; x_wconf 86' lang='lat' dir='ltr'>drachmis</span> <span class='ocrx_word' id='word_1_113' title='bbox 765 1072 947 1110; x_wconf 90' lang='lat' dir='ltr'>foliorum</span> <span class='ocrx_word' id='word_1_114' title='bbox 976 1086 1065 1109; x_wconf 92' lang='lat' dir='ltr'>cum</span> <span class='ocrx_word' id='word_1_115' title='bbox 1093 1076 1211 1109; x_wconf 90' lang='lat' dir='ltr'>ramis</span> <span class='ocrx_word' id='word_1_116' title='bbox 1240 1075 1318 1109; x_wconf 91' lang='lat' dir='ltr'>suis</span> <span class='ocrx_word' id='word_1_117' title='bbox 1349 1075 1389 1109; x_wconf 93' lang='lat' dir='ltr'>in</span> 
     </span>
     <span class='ocr_line' id='line_1_18' title="bbox 211 1125 1388 1177; baseline -0.003 -12"><span class='ocrx_word' id='word_1_118' title='bbox 211 1129 392 1165; x_wconf 84' lang='lat' dir='ltr'>caelestis</span> <span class='ocrx_word' id='word_1_119' title='bbox 412 1141 539 1177; x_wconf 88' lang='lat' dir='ltr'>aquae</span> <span class='ocrx_word' id='word_1_120' title='bbox 558 1129 721 1164; x_wconf 83' lang='lat' dir='ltr'>sextarii</span> <span class='ocrx_word' id='word_1_121' title='bbox 745 1127 885 1170; x_wconf 80' lang='lat' dir='ltr'>tribus,</span> <span class='ocrx_word' id='word_1_122' title='bbox 904 1132 1064 1176; x_wconf 87' lang='lat' dir='ltr'>oportet</span> <span class='ocrx_word' id='word_1_123' title='bbox 1082 1132 1125 1163; x_wconf 88' lang='lat' dir='ltr'>et</span> <span class='ocrx_word' id='word_1_124' title='bbox 1142 1126 1265 1162; x_wconf 89' lang='lat' dir='ltr'>salem</span> <span class='ocrx_word' id='word_1_125' title='bbox 1283 1125 1388 1163; x_wconf 89' lang='lat' dir='ltr'>addi.</span> 
     </span>
     <span class='ocr_line' id='line_1_19' title="bbox 212 1178 1389 1228; baseline -0.002 -11"><span class='ocrx_word' id='word_1_126' title='bbox 212 1184 523 1219; x_wconf 79' lang='lat' dir='ltr'>vetustissimum</span> <span class='ocrx_word' id='word_1_127' title='bbox 545 1194 617 1217; x_wconf 88' lang='lat' dir='ltr'>usu</span> <span class='ocrx_word' id='word_1_128' title='bbox 638 1180 757 1228; x_wconf 84' lang='lat' dir='ltr'>est†.3</span> <span class='ocrx_word' id='word_1_129' title='bbox 809 1180 959 1216; x_wconf 87' lang='lat' dir='ltr'>bibitur</span> <span class='ocrx_word' id='word_1_130' title='bbox 979 1186 1021 1217; x_wconf 90' lang='lat' dir='ltr'>et</span> <span class='ocrx_word' id='word_1_131' title='bbox 1048 1178 1262 1216; x_wconf 87' lang='lat' dir='ltr'>madefacti</span> <span class='ocrx_word' id='word_1_132' title='bbox 1291 1179 1389 1216; x_wconf 91' lang='lat' dir='ltr'>dilu-</span> 
     </span>
     <span class='ocr_line' id='line_1_20' title="bbox 211 1232 1388 1283; baseline -0.003 -11"><span class='ocrx_word' id='word_1_133' title='bbox 211 1242 312 1278; x_wconf 83' lang='lat' dir='ltr'>tum,</span> <span class='ocrx_word' id='word_1_134' title='bbox 332 1238 389 1272; x_wconf 78' lang='lat' dir='ltr'>ita</span> <span class='ocrx_word' id='word_1_135' title='bbox 410 1237 515 1271; x_wconf 86' lang='lat' dir='ltr'>enim</span> <span class='ocrx_word' id='word_1_136' title='bbox 538 1233 763 1283; x_wconf 88' lang='lat' dir='ltr'>appelletur</span> <span class='ocrx_word' id='word_1_137' title='bbox 783 1233 857 1270; x_wconf 91' lang='lat' dir='ltr'>hoc</span> <span class='ocrx_word' id='word_1_138' title='bbox 877 1246 1016 1283; x_wconf 83' lang='lat' dir='ltr'>genus.</span> <span class='ocrx_word' id='word_1_139' title='bbox 1070 1232 1186 1269; x_wconf 89' lang='lat' dir='ltr'>diluti</span> <span class='ocrx_word' id='word_1_140' title='bbox 1207 1235 1309 1269; x_wconf 86' lang='lat' dir='ltr'>ratio</span> <span class='ocrx_word' id='word_1_141' title='bbox 1330 1238 1388 1275; x_wconf 83' lang='lat' dir='ltr'>ut,</span> 
     </span>
     <span class='ocr_line' id='line_1_21' title="bbox 213 1286 1387 1338; baseline -0.003 -13"><span class='ocrx_word' id='word_1_142' title='bbox 213 1291 388 1338; x_wconf 90' lang='lat' dir='ltr'>quisquis</span> <span class='ocrx_word' id='word_1_143' title='bbox 418 1287 539 1324; x_wconf 88' lang='lat' dir='ltr'>fuerit</span> <span class='ocrx_word' id='word_1_144' title='bbox 567 1287 708 1323; x_wconf 88' lang='lat' dir='ltr'>modus</span> <span class='ocrx_word' id='word_1_145' title='bbox 738 1300 880 1336; x_wconf 78' lang='lat' dir='ltr'>aquae,</span> <span class='ocrx_word' id='word_1_146' title='bbox 909 1292 1072 1336; x_wconf 85' lang='lat' dir='ltr'>tegatur</span> <span class='ocrx_word' id='word_1_147' title='bbox 1100 1299 1171 1335; x_wconf 88' lang='lat' dir='ltr'>per</span> <span class='ocrx_word' id='word_1_148' title='bbox 1200 1286 1387 1322; x_wconf 89' lang='lat' dir='ltr'>triduum.</span> 
     </span>
    </p>
   </div>
   <div class='ocr_carea' id='block_1_3' title="bbox 217 1365 1390 1656">
    <p class='ocr_par' dir='ltr' id='par_1_5' title="bbox 263 1365 1279 1406">
     <span class='ocr_line' id='line_1_22' title="bbox 263 1365 1279 1406; baseline -0.001 -8"><span class='ocrx_word' id='word_1_149' title='bbox 263 1368 274 1386; x_wconf 87' lang='lat'><em>¹</em></span> <span class='ocrx_word' id='word_1_150' title='bbox 299 1367 458 1399; x_wconf 83' lang='lat' dir='ltr'>Italicum</span> <span class='ocrx_word' id='word_1_151' title='bbox 475 1367 497 1398; x_wconf 94' lang='lat' dir='ltr'>d</span> <span class='ocrx_word' id='word_1_152' title='bbox 514 1366 633 1403; x_wconf 83' lang='lat' dir='ltr'>Hard.‚</span> <span class='ocrx_word' id='word_1_153' title='bbox 651 1366 808 1406; x_wconf 77' lang='lat' dir='ltr'>Mayhoff</span> <span class='ocrx_word' id='word_1_154' title='bbox 818 1379 825 1397; x_wconf 91' lang='lat'>:</span> <span class='ocrx_word' id='word_1_155' title='bbox 856 1366 977 1397; x_wconf 85' lang='lat' dir='ltr'>Italico</span> <span class='ocrx_word' id='word_1_156' title='bbox 994 1365 1087 1396; x_wconf 84' lang='lat' dir='ltr'>VRE</span> <span class='ocrx_word' id='word_1_157' title='bbox 1104 1365 1279 1405; x_wconf 79' lang='lat' dir='ltr'>Detlefsen.</span> 
     </span>
    </p>

    <p class='ocr_par' dir='ltr' id='par_1_6' title="bbox 263 1408 1259 1449">
     <span class='ocr_line' id='line_1_23' title="bbox 263 1408 1259 1449; baseline -0.003 -7"><span class='ocrx_word' id='word_1_158' title='bbox 263 1412 275 1430; x_wconf 87' lang='lat'><strong>²</strong></span> <span class='ocrx_word' id='word_1_159' title='bbox 298 1411 378 1442; x_wconf 81' lang='lat' dir='ltr'>divo</span> <span class='ocrx_word' id='word_1_160' title='bbox 393 1410 421 1441; x_wconf 85' lang='lat' dir='ltr'>E</span> <span class='ocrx_word' id='word_1_161' title='bbox 439 1410 536 1449; x_wconf 78' lang='lat' dir='ltr'>vul9.,</span> <span class='ocrx_word' id='word_1_162' title='bbox 552 1409 715 1449; x_wconf 74' lang='lat' dir='ltr'>Detlessen</span> <span class='ocrx_word' id='word_1_163' title='bbox 731 1422 738 1441; x_wconf 91' lang='lat'>:</span> <span class='ocrx_word' id='word_1_164' title='bbox 767 1409 825 1440; x_wconf 82' lang='lat' dir='ltr'>diu</span> <span class='ocrx_word' id='word_1_165' title='bbox 841 1409 945 1440; x_wconf 77' lang='lat' dir='ltr'>Vle</span> <span class='ocrx_word' id='word_1_166' title='bbox 959 1409 1079 1445; x_wconf 75' lang='lat' dir='ltr'>Ianus,</span> <span class='ocrx_word' id='word_1_167' title='bbox 1096 1408 1259 1449; x_wconf 78' lang='lat' dir='ltr'>Mayhoff.</span> 
     </span>
    </p>

    <p class='ocr_par' dir='ltr' id='par_1_7' title="bbox 217 1450 1390 1656">
     <span class='ocr_line' id='line_1_24' title="bbox 264 1450 1386 1491; baseline -0.003 -7"><span class='ocrx_word' id='word_1_168' title='bbox 264 1454 276 1472; x_wconf 84' lang='lat'><strong>³</strong></span> <span class='ocrx_word' id='word_1_169' title='bbox 300 1454 469 1485; x_wconf 69' lang='lat' dir='ltr'>ffleeoctis</span> <span class='ocrx_word' id='word_1_170' title='bbox 494 1477 501 1484; x_wconf 89' lang='lat'><strong>.</strong></span> <span class='ocrx_word' id='word_1_171' title='bbox 528 1477 535 1484; x_wconf 90' lang='lat'><strong><em>.</em></strong></span> <span class='ocrx_word' id='word_1_172' title='bbox 561 1477 569 1483; x_wconf 88' lang='lat'><em>.</em></span> <span class='ocrx_word' id='word_1_173' title='bbox 593 1463 656 1483; x_wconf 90' lang='lat' dir='ltr'>usu</span> <span class='ocrx_word' id='word_1_174' title='bbox 697 1452 788 1491; x_wconf 75' lang='lat' dir='ltr'>est†]</span> <span class='ocrx_word' id='word_1_175' title='bbox 825 1451 882 1482; x_wconf 80' lang='lat' dir='ltr'>Sic</span> <span class='ocrx_word' id='word_1_176' title='bbox 919 1451 1084 1491; x_wconf 75' lang='lat' dir='ltr'>Detlefsen</span> <span class='ocrx_word' id='word_1_177' title='bbox 1122 1455 1196 1491; x_wconf 73' lang='lat' dir='ltr'>post</span> <span class='ocrx_word' id='word_1_178' title='bbox 1236 1450 1386 1482; x_wconf 72' lang='lat' dir='ltr'>Urlichs:</span> 
     </span>
     <span class='ocr_line' id='line_1_25' title="bbox 219 1494 1389 1534; baseline -0.003 -7"><span class='ocrx_word' id='word_1_179' title='bbox 219 1497 333 1527; x_wconf 86' lang='lat' dir='ltr'>decoci</span> <span class='ocrx_word' id='word_1_180' title='bbox 348 1496 396 1527; x_wconf 86' lang='lat' dir='ltr'>VI</span> <span class='ocrx_word' id='word_1_181' title='bbox 412 1495 584 1527; x_wconf 83' lang='lat' dir='ltr'>drachmis</span> <span class='ocrx_word' id='word_1_182' title='bbox 598 1495 756 1526; x_wconf 76' lang='lat' dir='ltr'>fohorum</span> <span class='ocrx_word' id='word_1_183' title='bbox 773 1505 849 1526; x_wconf 89' lang='lat' dir='ltr'>cum</span> <span class='ocrx_word' id='word_1_184' title='bbox 864 1495 968 1525; x_wconf 81' lang='lat' dir='ltr'>ranfis</span> <span class='ocrx_word' id='word_1_185' title='bbox 981 1495 1050 1525; x_wconf 87' lang='lat' dir='ltr'>suis</span> <span class='ocrx_word' id='word_1_186' title='bbox 1065 1495 1099 1525; x_wconf 91' lang='lat' dir='ltr'>in</span> <span class='ocrx_word' id='word_1_187' title='bbox 1115 1494 1267 1525; x_wconf 81' lang='lat' dir='ltr'>caelestis</span> <span class='ocrx_word' id='word_1_188' title='bbox 1281 1504 1389 1534; x_wconf 88' lang='lat' dir='ltr'>aquae</span> 
     </span>
     <span class='ocr_line' id='line_1_26' title="bbox 219 1537 1390 1579; baseline -0.003 -9"><span class='ocrx_word' id='word_1_189' title='bbox 219 1540 376 1570; x_wconf 82' lang='lat' dir='ltr'>sextariis</span> <span class='ocrx_word' id='word_1_190' title='bbox 392 1539 447 1569; x_wconf 94' lang='lat' dir='ltr'>III</span> <span class='ocrx_word' id='word_1_191' title='bbox 464 1542 612 1579; x_wconf 83' lang='lat' dir='ltr'>oportet,</span> <span class='ocrx_word' id='word_1_192' title='bbox 628 1549 689 1569; x_wconf 87' lang='lat' dir='ltr'>nec</span> <span class='ocrx_word' id='word_1_193' title='bbox 705 1548 773 1569; x_wconf 92' lang='lat' dir='ltr'>non</span> <span class='ocrx_word' id='word_1_194' title='bbox 788 1537 893 1569; x_wconf 83' lang='lat' dir='ltr'>salem</span> <span class='ocrx_word' id='word_1_195' title='bbox 909 1537 989 1568; x_wconf 89' lang='lat' dir='ltr'>addi</span> <span class='ocrx_word' id='word_1_196' title='bbox 1004 1537 1229 1568; x_wconf 85' lang='lat' dir='ltr'>vetustissimi</span> <span class='ocrx_word' id='word_1_197' title='bbox 1243 1547 1324 1568; x_wconf 88' lang='lat' dir='ltr'>usus</span> <span class='ocrx_word' id='word_1_198' title='bbox 1338 1540 1390 1567; x_wconf 85' lang='lat' dir='ltr'>est</span> 
     </span>
     <span class='ocr_line' id='line_1_27' title="bbox 218 1580 1386 1622; baseline -0.002 -10"><span class='ocrx_word' id='word_1_199' title='bbox 218 1582 392 1622; x_wconf 77' lang='lat' dir='ltr'>Mayhoff:</span> <span class='ocrx_word' id='word_1_200' title='bbox 425 1581 462 1612; x_wconf 81' lang='lat' dir='ltr'>in</span> <span class='ocrx_word' id='word_1_201' title='bbox 485 1581 574 1612; x_wconf 75' lang='lat' dir='ltr'>codd.</span> <span class='ocrx_word' id='word_1_202' title='bbox 599 1581 729 1612; x_wconf 80' lang='lat' dir='ltr'>decocti</span> <span class='ocrx_word' id='word_1_203' title='bbox 753 1584 811 1611; x_wconf 81' lang='lat' dir='ltr'>aut</span> <span class='ocrx_word' id='word_1_204' title='bbox 834 1580 992 1617; x_wconf 81' lang='lat' dir='ltr'>decoctis,</span> <span class='ocrx_word' id='word_1_205' title='bbox 1016 1590 1078 1611; x_wconf 84' lang='lat' dir='ltr'>nec</span> <span class='ocrx_word' id='word_1_206' title='bbox 1103 1581 1177 1620; x_wconf 84' lang='lat' dir='ltr'>(pro</span> <span class='ocrx_word' id='word_1_207' title='bbox 1201 1582 1249 1619; x_wconf 86' lang='lat' dir='ltr'>et)</span> <span class='ocrx_word' id='word_1_208' title='bbox 1273 1582 1386 1610; x_wconf 87' lang='lat' dir='ltr'>vetus-</span> 
     </span>
     <span class='ocr_line' id='line_1_28' title="bbox 217 1625 781 1656; baseline -0.004 0"><span class='ocrx_word' id='word_1_209' title='bbox 217 1626 347 1656; x_wconf 76' lang='lat' dir='ltr'>tissime</span> <span class='ocrx_word' id='word_1_210' title='bbox 363 1627 421 1655; x_wconf 83' lang='lat' dir='ltr'>aut</span> <span class='ocrx_word' id='word_1_211' title='bbox 437 1628 537 1655; x_wconf 86' lang='lat' dir='ltr'>vetus</span> <span class='ocrx_word' id='word_1_212' title='bbox 553 1625 623 1655; x_wconf 86' lang='lat' dir='ltr'>sine</span> <span class='ocrx_word' id='word_1_213' title='bbox 640 1634 702 1655; x_wconf 88' lang='lat' dir='ltr'>usu</span> <span class='ocrx_word' id='word_1_214' title='bbox 719 1627 781 1655; x_wconf 88' lang='lat' dir='ltr'>est.</span> 
     </span>
    </p>
   </div>
   <div class='ocr_carea' id='block_1_4' title="bbox 212 1743 1392 2084">
    <p class='ocr_par' dir='ltr' id='par_1_8' title="bbox 212 1743 1392 2084">
     <span class='ocr_line' id='line_1_29' title="bbox 257 1743 1389 1826; baseline -0.003 -9"><span class='ocrx_word' id='word_1_215' title='bbox 257 1749 273 1806; x_wconf 60' lang='grc' dir='ltr'><em>Ζ</em></span> <span class='ocrx_word' id='word_1_216' title='bbox 292 1743 752 1826; x_wconf 44' lang='grc' dir='ltr'>Ιὸθὲαξέζέρὶοῗᾶεῇθῑεθῃέ</span> <span class='ocrx_word' id='word_1_217' title='bbox 774 1787 851 1815; x_wconf 84' lang='lat' dir='ltr'>text</span> <span class='ocrx_word' id='word_1_218' title='bbox 873 1784 992 1815; x_wconf 73' lang='lat' dir='ltr'>within</span> <span class='ocrx_word' id='word_1_219' title='bbox 1016 1783 1158 1824; x_wconf 83' lang='lat' dir='ltr'>daggers</span> <span class='ocrx_word' id='word_1_220' title='bbox 1179 1783 1323 1815; x_wconf 83' lang='lat' dir='ltr'>because</span> <span class='ocrx_word' id='word_1_221' title='bbox 1345 1793 1389 1814; x_wconf 91' lang='lat' dir='ltr'>no</span> 
     </span>
     <span class='ocr_line' id='line_1_30' title="bbox 213 1827 1392 1871; baseline -0.003 -11"><span class='ocrx_word' id='word_1_222' title='bbox 213 1829 379 1871; x_wconf 84' lang='lat' dir='ltr'>proposed</span> <span class='ocrx_word' id='word_1_223' title='bbox 397 1828 615 1860; x_wconf 84' lang='lat' dir='ltr'>emendation</span> <span class='ocrx_word' id='word_1_224' title='bbox 634 1829 662 1858; x_wconf 84' lang='lat' dir='ltr'>is</span> <span class='ocrx_word' id='word_1_225' title='bbox 682 1828 775 1867; x_wconf 83' lang='lat' dir='ltr'>quite</span> <span class='ocrx_word' id='word_1_226' title='bbox 794 1827 1023 1867; x_wconf 83' lang='lat' dir='ltr'>satisfactory.</span> <span class='ocrx_word' id='word_1_227' title='bbox 1069 1827 1140 1857; x_wconf 86' lang='lat' dir='ltr'>The</span> <span class='ocrx_word' id='word_1_228' title='bbox 1159 1827 1316 1866; x_wconf 82' lang='lat' dir='ltr'>negative</span> <span class='ocrx_word' id='word_1_229' title='bbox 1335 1837 1392 1858; x_wconf 77' lang='lat' dir='ltr'>nec</span> 
     </span>
     <span class='ocr_line' id='line_1_31' title="bbox 212 1869 1392 1946; baseline -0.003 -43"><span class='ocrx_word' id='word_1_230' title='bbox 212 1874 240 1946; x_wconf 50' lang='lat' dir='ltr'>{s</span> <span class='ocrx_word' id='word_1_231' title='bbox 255 1871 423 1934; x_wconf 77' lang='lat' dir='ltr'>probably</span> <span class='ocrx_word' id='word_1_232' title='bbox 438 1872 594 1944; x_wconf 60' lang='lat' dir='ltr'>genu&#39;lzllie&#39;</span> <span class='ocrx_word' id='word_1_233' title='bbox 612 1870 675 1944; x_wconf 45' lang='lat' dir='ltr'>{ut</span> <span class='ocrx_word' id='word_1_234' title='bbox 691 1881 798 1901; x_wconf 85' lang='lat' dir='ltr'>seems</span> <span class='ocrx_word' id='word_1_235' title='bbox 814 1873 851 1919; x_wconf 77' lang='lat' dir='ltr'>to</span> <span class='ocrx_word' id='word_1_236' title='bbox 867 1871 998 1943; x_wconf 55' lang='lat' dir='ltr'>rfquire</span> <span class='ocrx_word' id='word_1_237' title='bbox 1014 1869 1086 1919; x_wconf 59' lang='lat' dir='ltr'>sine</span> <span class='ocrx_word' id='word_1_238' title='bbox 1101 1869 1392 1943; x_wconf 46' lang='lat' dir='ltr'>usffifoemalduli</span> 
     </span>
     <span class='ocr_line' id='line_1_32' title="bbox 213 1916 1391 1998; baseline -0.003 -9"><span class='ocrx_word' id='word_1_239' title='bbox 213 1925 346 1998; x_wconf 48' lang='lat'>3323}</span> <span class='ocrx_word' id='word_1_240' title='bbox 357 1918 614 1998; x_wconf 42' lang='grc' dir='ltr'>ζέἕαέιῖἓωὲῑι</span> <span class='ocrx_word' id='word_1_241' title='bbox 632 1916 1144 1997; x_wconf 52' lang='grc' dir='ltr'>Ῑὲἓὲᾞῗέῗζίἶεῑὲῗέῗὲοὲξέἶθ</span> <span class='ocrx_word' id='word_1_242' title='bbox 1164 1923 1259 1986; x_wconf 58' lang='grc' dir='ltr'>8θὲἔὲ</span> <span class='ocrx_word' id='word_1_243' title='bbox 1279 1923 1318 1986; x_wconf 61' lang='grc' dir='ltr'>ἒς</span> <span class='ocrx_word' id='word_1_244' title='bbox 1332 1955 1391 1986; x_wconf 75' lang='lat' dir='ltr'>the</span> 
     </span>
     <span class='ocr_line' id='line_1_33' title="bbox 213 1997 1392 2041; baseline -0.003 -9"><span class='ocrx_word' id='word_1_245' title='bbox 213 2001 306 2032; x_wconf 86' lang='lat' dir='ltr'>MSS.</span> <span class='ocrx_word' id='word_1_246' title='bbox 321 2000 460 2041; x_wconf 86' lang='lat' dir='ltr'>reading</span> <span class='ocrx_word' id='word_1_247' title='bbox 473 1999 502 2031; x_wconf 85' lang='lat' dir='ltr'>if</span> <span class='ocrx_word' id='word_1_248' title='bbox 514 2010 561 2030; x_wconf 86' lang='lat' dir='ltr'>we</span> <span class='ocrx_word' id='word_1_249' title='bbox 575 1999 619 2030; x_wconf 90' lang='lat' dir='ltr'>do</span> <span class='ocrx_word' id='word_1_250' title='bbox 633 1999 702 2030; x_wconf 89' lang='lat' dir='ltr'>this</span> <span class='ocrx_word' id='word_1_251' title='bbox 716 1999 784 2030; x_wconf 90' lang='lat' dir='ltr'>and</span> <span class='ocrx_word' id='word_1_252' title='bbox 798 1999 868 2030; x_wconf 84' lang='lat' dir='ltr'>also</span> <span class='ocrx_word' id='word_1_253' title='bbox 883 2002 1002 2039; x_wconf 81' lang='lat' dir='ltr'>accept</span> <span class='ocrx_word' id='word_1_254' title='bbox 1016 1998 1075 2029; x_wconf 87' lang='lat' dir='ltr'>the</span> <span class='ocrx_word' id='word_1_255' title='bbox 1088 1999 1273 2029; x_wconf 70' lang='lat' dir='ltr'>attractiva</span> <span class='ocrx_word' id='word_1_256' title='bbox 1287 1997 1392 2029; x_wconf 74' lang='lat' dir='ltr'>decoci</span> 
     </span>
     <span class='ocr_line' id='line_1_34' title="bbox 215 2040 1390 2084; baseline -0.003 -10"><span class='ocrx_word' id='word_1_257' title='bbox 215 2043 253 2074; x_wconf 89' lang='lat' dir='ltr'>of</span> <span class='ocrx_word' id='word_1_258' title='bbox 271 2043 427 2084; x_wconf 84' lang='lat' dir='ltr'>Mayhoff</span> <span class='ocrx_word' id='word_1_259' title='bbox 439 2055 446 2073; x_wconf 76' lang='lat' dir='ltr'><em>z</em></span> <span class='ocrx_word' id='word_1_260' title='bbox 485 2042 504 2054; x_wconf 75' lang='lat'>‘⁶</span> <span class='ocrx_word' id='word_1_261' title='bbox 519 2043 571 2073; x_wconf 79' lang='lat' dir='ltr'>six</span> <span class='ocrx_word' id='word_1_262' title='bbox 595 2042 776 2073; x_wconf 88' lang='lat' dir='ltr'>drachmae</span> <span class='ocrx_word' id='word_1_263' title='bbox 801 2066 808 2073; x_wconf 92' lang='lat'>.</span> <span class='ocrx_word' id='word_1_264' title='bbox 835 2066 842 2073; x_wconf 93' lang='lat'>.</span> <span class='ocrx_word' id='word_1_265' title='bbox 869 2066 876 2072; x_wconf 92' lang='lat'><strong>.</strong></span> <span class='ocrx_word' id='word_1_266' title='bbox 901 2041 1008 2082; x_wconf 87' lang='lat' dir='ltr'>ought</span> <span class='ocrx_word' id='word_1_267' title='bbox 1030 2044 1067 2072; x_wconf 94' lang='lat' dir='ltr'>to</span> <span class='ocrx_word' id='word_1_268' title='bbox 1091 2040 1133 2072; x_wconf 86' lang='lat' dir='ltr'>be</span> <span class='ocrx_word' id='word_1_269' title='bbox 1156 2040 1267 2072; x_wconf 88' lang='lat' dir='ltr'>boiled</span> <span class='ocrx_word' id='word_1_270' title='bbox 1291 2040 1390 2071; x_wconf 89' lang='lat' dir='ltr'>down</span> 
     </span>
    </p>
   </div>
   <div class='ocr_carea' id='block_1_5' title="bbox 215 2105 286 2149">
    <p class='ocr_par' dir='ltr' id='par_1_9' title="bbox 215 2105 286 2149">
     <span class='ocr_line' id='line_1_35' title="bbox 215 2105 286 2149; baseline 0 -9"><span class='ocrx_word' id='word_1_271' title='bbox 215 2105 286 2149; x_wconf 91' lang='lat'>416</span> 
     </span>
    </p>
   </div>
  </div>
 </body>
</html>
