1459 2288
105 273 142 303 71

107 912 146 942 72

109 1232 148 1263 73

110 1619 150 1647 74

373 164 567 201 PLINY:
613 164 876 201 NATURAL
910 164 1148 201 HISTORY

219 268 383 304 XLVII.
416 268 605 317 Dipsacos
640 266 734 304 folia
768 267 890 304 habet
926 267 1102 303 lactucae
1138 267 1344 316 bullasque

172 335 346 381 spinosas
383 335 420 367 in
457 331 558 367 dorsi
595 331 740 374 medio,
776 331 930 367 caulem
966 331 1089 367 duum
1124 331 1347 367 cubitorum

174 396 297 432 isdem
338 399 458 445 spinis
500 395 714 438 horridum,
755 394 939 444 genicula
980 398 1063 431 eius
1104 395 1207 431 binis
1248 393 1348 430 foliis

173 460 506 509 amplectentibus
530 472 701 495 concavo
724 459 874 495 alarum
898 461 984 494 sinu
1006 461 1047 494 in
1070 471 1148 507 quo
1171 459 1349 494 subsistit

174 537 233 560 ros
250 524 384 560 salsus.
439 526 479 559 in
495 526 698 559 cacumine
715 522 890 572 capitula
905 528 998 559 sunt
1014 522 1200 559 echinata
1215 525 1346 571 spinis.

173 590 345 624 nascitur
367 590 407 623 in
432 590 599 636 aquosis.
655 593 769 623 sanat
793 589 909 622 rimas
934 586 1051 629 sedis,
1075 589 1173 622 item
1198 585 1348 622 fistulas

172 651 337 688 decocta
353 654 392 688 in
409 654 499 688 vino
516 650 646 687 radice
664 663 789 700 usque
806 650 902 686 dum
919 653 969 687 sit
985 649 1204 687 crassitudo
1220 663 1348 689 cerae,

173 722 217 752 ut
248 718 370 765 possit
400 718 440 751 in
471 714 621 751 fistulas
653 714 858 764 collyrium
888 716 1008 757 mitti,
1038 717 1137 750 item
1169 726 1348 750 verrucas

173 783 348 817 omnium
381 792 586 829 generum.
643 778 804 827 quidam
838 784 879 815 et
913 777 1064 814 alarum
1099 790 1195 827 quas
1230 790 1348 826 supra

173 843 342 880 diximus
363 856 499 879 sucum
518 843 690 879 inlinunt
708 842 778 879 hjs.

221 907 407 943 XLVIII.
440 907 676 956 Dryopteris
719 905 843 942 felicis
885 905 1020 942 similis
1063 908 1103 941 in
1145 905 1348 941 arboribus

174 975 359 1014 nascitur,
388 974 497 1007 tenui
526 970 708 1007 foliorum
735 969 985 1006 subdulcium
1010 972 1192 1011 incisura,
1220 968 1352 1005 radice

174 1035 335 1072 hirsuta.
392 1038 445 1071 vis
478 1038 512 1071 ei
545 1037 719 1070 caustica
750 1040 823 1075 est,
855 1033 944 1070 ideo
977 1039 1018 1070 et
1050 1032 1258 1082 psilotrum
1289 1038 1350 1068 est

176 1099 284 1136 radix
308 1106 410 1142 tusa,
433 1098 610 1135 inlinitur
634 1101 739 1135 enim
762 1111 886 1146 usque
910 1097 1005 1134 dum
1028 1096 1190 1133 sudores
1213 1102 1352 1133 evocet

174 1167 319 1200 iterum
338 1170 379 1200 et
397 1166 561 1200 tertium
580 1166 636 1199 ita
655 1175 703 1198 ne
722 1161 840 1198 sudor
858 1161 1054 1198 abluatur.

223 1227 368 1264 XLIX.
399 1227 533 1263 Drabe
561 1226 723 1275 phono1
751 1225 885 1261 similis
912 1225 1036 1262 herba
1063 1231 1124 1261 est
1150 1224 1350 1261 cauliculis

175 1293 361 1329 tenuibus
407 1290 659 1334 cubitalibus,
705 1289 956 1326 circumdatis
1002 1292 1202 1337 utrimque
1248 1287 1349 1324 foliis

176 1356 347 1406 pollicari
374 1354 636 1404 amplitudine
662 1354 794 1403 qualia
818 1356 1104 1403 oxymyrsine&
1129 1352 1198 1389 sed
1223 1351 1354 1388 candi-

175 1420 348 1456 dioribus
368 1419 704 1468 mollioribusque‚
724 1417 818 1454 flore
839 1417 1008 1453 candido
1027 1417 1173 1453 sabuci.
1229 1416 1353 1452 edunt

176 1483 386 1521 cauliculos
425 1483 624 1525 decoctos,
663 1485 813 1518 semine
854 1494 945 1518 vero
985 1484 1067 1517 eius
1107 1494 1178 1530 pro
1217 1483 1352 1529 pipere

176 1554 353 1585 utuntur.

226 1612 270 1648 L.
301 1611 459 1648 Elatine
504 1610 599 1647 folia
643 1609 766 1646 habet
811 1608 970 1652 casiae,2
1014 1608 1170 1658 pusilla,
1216 1607 1353 1657 pilosa,

177 1675 359 1717 rotunda,
398 1674 704 1724 semipedalibus
743 1673 903 1709 ramulis
942 1674 1070 1721 quinis
1109 1674 1292 1721 senisque
1331 1685 1353 1707 a

178 1740 307 1777 radice
345 1742 481 1775 statim
520 1737 678 1774 foliosis.
735 1740 908 1773 nascitur
944 1739 984 1772 in
1021 1742 1174 1786 segete,
1212 1735 1354 1772 acerba

177 1810 297 1854 gustu
319 1809 361 1840 et
381 1802 471 1839 ideo
492 1802 693 1838 oculorum
714 1800 965 1837 fluctionibus
987 1800 1122 1836 efficax
1144 1798 1245 1836 foliis
1265 1812 1355 1835 cum

178 1867 341 1918 polenta
369 1869 473 1903 tritis
503 1872 545 1902 et
573 1868 765 1914 inpositis,
795 1864 955 1901 subdito
982 1863 1158 1900 linteolo.
1214 1862 1355 1899 eadem

233 1954 241 1970 ¹
265 1952 369 1983 drabe
400 1951 514 1992 phono
545 1950 709 1990 Detlefsen
745 1949 815 1980 coll.
848 1949 954 1979 indice
990 1948 1042 1979 Pl.
1074 1953 1103 1979 et
1133 1948 1223 1979 XXI
1261 1949 1358 1987 §95²

184 1995 358 2027 draeffono
377 1994 470 2025 VRE
487 2007 493 2025 z
527 1993 704 2033 draphono
723 1992 745 2023 d
761 2005 767 2023 :
800 1991 1025 2032 dryophonon
1045 1991 1232 2022 Caesarius.

230 2039 242 2056 ²
267 2039 374 2069 casiae
392 2036 481 2067 codd.
499 2049 504 2067 :
537 2036 692 2067 helxinae
709 2045 724 2065 e
742 2034 932 2065 Dioscoride
949 2033 1148 2065 Hermolauff
1167 2033 1343 2065 Barbarus.

180 2104 248 2139 432
