1459 2288
57 357 116 387 139

59 804 118 834 140

59 1252 114 1282 141

348 120 542 157 PLINY:
589 119 852 156 NATURAL
887 119 1123 155 HISTORY

148 222 375 273 oxymelitis
397 228 467 258 aut
484 234 612 270 aquae
633 221 785 257 calidae
806 220 959 271 cyathis
980 224 1154 271 quinque
1175 220 1325 257 denarii

148 290 261 324 unius
283 286 471 336 pondere,
493 289 546 321 sic
574 291 615 321 et
638 285 688 321 ad
707 285 900 321 secundas
922 284 1132 320 mulierum
1155 285 1303 321 efficax.

194 350 417 387 LXXXIX.
448 349 526 385 Sed
551 349 692 385 Graeci
716 348 948 385 clematidas
973 354 1013 384 et
1037 348 1131 384 alias
1160 347 1326 391 habent,

147 428 267 451 unam
291 427 410 463 quam
435 413 554 462 aliqui
585 415 737 449 aetiten
768 418 924 456 vocant,
949 412 1012 448 alii
1036 412 1208 462 laginen,
1232 425 1326 449 non-

146 479 240 515 nulli
278 484 441 515 tenuem
481 479 733 514 scamoniam.
774 489 902 513 ramos
936 476 1059 512 habet
1092 476 1328 525 bipedales,l

148 542 318 586 foliosos,
342 555 419 578 non
442 541 650 578 dissimiles
673 543 910 583 scamoniae,
934 543 1005 576 nisi
1029 540 1135 589 quod
1157 542 1327 590 nigriora

147 609 379 655 minoraque
408 611 501 642 sunt
529 604 633 641 folia.
682 607 883 641 invenitur
911 607 950 640 in
980 606 1103 641 vineis
1133 607 1326 653 arvisque.

148 676 256 707 estur
270 676 314 706 ut
334 670 418 706 olus
431 683 520 706 cum
534 669 620 705 oleo
642 682 686 705 ac
699 668 794 711 sale,
809 668 938 704 alvum
954 670 1043 704 ciet.
1100 668 1242 704 eadem
1258 668 1329 718 dy-

148 736 340 771 sintericis
371 747 459 770 cum
489 733 555 769 lini
584 735 734 769 semine
756 745 804 768 ex
836 735 924 769 vino
950 738 1108 769 austero
1133 733 1326 768 sorbetur.

144 798 236 835 folia
255 798 455 847 epiphoris
474 800 720 846 inponuntur
737 810 827 833 cum
846 796 1010 846 polenta
1027 797 1232 846 subposito
1250 796 1328 832 udo

146 862 319 898 linteolo.
376 867 547 898 strumas
583 863 755 910 inposita
791 860 841 897 ad
877 863 1206 909 suppurationem
1242 873 1329 909 per-

148 927 313 969 ducunt,
356 925 501 962 deinde
545 927 719 975 axungia
762 924 919 960 adiecta
961 930 1188 973 percurant,
1230 926 1327 960 item

149 989 453 1026 haemorrhoida
475 1003 563 1025 cum
587 988 674 1025 oleo
697 988 823 1032 viridi,
840 988 1056 1038 phthisicos
1079 990 1217 1024 iuvant
1239 1001 1328 1024 cum

150 1053 280 1090 melle.
335 1053 447 1090 lactis
473 1066 631 1102 quoque
657 1053 886 1089 ubertatem
912 1051 1065 1088 faciunt
1088 1054 1127 1087 in
1152 1053 1261 1096 cibis,
1287 1057 1329 1088 et

150 1117 368 1154 infantibus
395 1117 509 1153 inlita
536 1116 720 1166 capillum
749 1116 874 1159 alunt,
903 1130 951 1152 ex
981 1122 1095 1152 aceto
1123 1116 1329 1152 edentium

149 1195 336 1218 venerem
360 1181 579 1217 stimulant.

196 1245 278 1282 XC.
309 1245 382 1281 Est
409 1245 486 1281 alia
511 1245 690 1281 clematis
718 1246 924 1295 Aegyptia
949 1247 1199 1294 cognomine,
1226 1257 1328 1294 quae

150 1311 199 1346 ab
229 1309 312 1346 aliis
347 1309 606 1358 daphnoideS,
637 1309 686 1345 ab
716 1308 799 1345 aliis
833 1308 1118 1359 polygonoides
1153 1314 1329 1351 vocatur,

149 1373 241 1411 folio
273 1373 385 1417 lauri,
417 1373 535 1423 longa
567 1375 794 1422 tenuisque,
828 1373 1015 1409 adversus
1048 1378 1255 1422 serpentes
1288 1378 1330 1409 et

148 1440 333 1488 privatim
351 1438 506 1487 aspidas
524 1450 572 1474 ex
591 1443 704 1473 aceto
722 1443 817 1486 pota
834 1437 983 1473 efficax.

195 1502 299 1538 XCI.
329 1503 541 1552 Aegyptus
589 1501 689 1537 hanc
734 1503 907 1537 maxime
951 1503 1094 1551 gignit,
1139 1514 1242 1550 quae
1288 1507 1328 1537 et

150 1580 259 1609 aron,
293 1566 342 1602 de
381 1579 459 1615 qua
496 1568 600 1602 inter
640 1565 779 1602 bulbos
817 1565 1001 1608 diximus,
1035 1578 1205 1614 magnae
1239 1578 1327 1601 cum

151 1630 356 1667 dracontio
386 1629 476 1666 litis.
533 1630 694 1678 quidam
725 1632 829 1666 enim
862 1629 1031 1666 eandem
1063 1642 1148 1665 esse
1178 1629 1326 1666 dixere.

150 1694 334 1731 Glaucias
360 1699 448 1730 satu
474 1693 672 1736 discrevit,
697 1693 946 1730 dracontium
971 1693 1191 1730 silvestrem
1217 1706 1327 1729 arum

268 1767 280 1785 ¹
304 1766 477 1806 bipedales
494 1766 527 1796 Η
531 1765 600 1796 ard.
617 1780 623 1798 :
657 1765 794 1806 pedales
810 1766 906 1797 multi
924 1765 1026 1804 codd„
1045 1766 1087 1796 M
1088 1765 1209 1806 aylzoff.

192 1851 206 1865 ‘¹
230 1847 290 1878 See
308 1846 407 1877 XIX.
427 1847 442 1887 ξ
460 1848 510 1878 96.
545 1846 615 1876 The
633 1846 839 1878 translation
855 1846 968 1887 might
985 1845 1046 1876 be:
1082 1850 1102 1863 ‘⁴
1116 1846 1239 1877 known
1257 1846 1330 1877 also

147 1901 184 1921 as
200 1889 319 1926 aron,'’
345 1889 409 1920 but
433 1889 530 1920 there
555 1890 582 1920 is
605 1899 649 1920 no
673 1889 773 1920 other
795 1889 957 1920 evidence
981 1889 1061 1920 that
1084 1889 1237 1919 clematis
1263 1899 1330 1919 was

148 1932 256 1964 called
272 1943 366 1963 aron.

194 1976 206 1994 ὓ
230 1975 340 2006 Littre
368 1975 449 2006 has:
491 1979 585 2016 “par
616 1975 644 2005 le
675 1975 740 2006 lieu
768 1975 810 2006 de
842 1975 914 2006 leur
942 1975 1170 2012 croissance,”
1196 1974 1264 2005 and
1291 1984 1329 2005 so

146 2018 301 2050 Bostoek
317 2018 386 2049 and
403 2018 514 2058 Riley.

157 2087 224 2110 100
