1459 2288
342 135 536 172 PLINY:
582 135 846 172 NATURAL
879 134 1117 172 HISTORY

193 237 413 286 Ophiusam
454 239 494 272 in
535 235 803 285 Elephantine
845 236 1023 272 eiusdem
1065 235 1318 285 Aethiopiae,

141 290 301 326 lividam
339 289 616 337 difficilemque
656 295 834 337 aspectu,
874 302 953 338 qua
990 294 1087 338 pota
1124 295 1318 326 terrorem

142 347 348 392 minasque
369 345 615 391 serpentium
636 343 834 378 obversari
847 344 905 378 ita
924 348 969 378 ut
989 347 1160 378 mortem
1179 343 1252 379 sibi
1273 355 1319 379 eo

142 402 254 433 metu
278 398 535 438 consciscant,
559 396 609 432 ob
632 395 672 432 id
695 398 782 445 cogi
806 395 1015 445 sacrilegos
1038 395 1145 431 illam
1168 396 1319 439 bibere,

143 450 341 486 adversari
364 452 399 485 ei
420 449 622 497 palmeum
644 451 791 484 vinum.

52 508 111 538 164
187 502 497 551 Thalassaeglen
523 505 625 537 circa
651 501 796 538 Indum
823 514 982 538 amnem
1007 504 1188 545 inveniri,
1215 515 1318 551 quae

142 557 192 592 ob
221 556 260 592 id
288 557 447 592 nomine
476 555 551 591 alio
578 557 830 604 potamaugis
859 554 1096 604 appellatur,
1123 554 1197 591 hac
1225 561 1321 604 pota

142 608 339 659 lymphari
357 608 536 645 homines
555 609 858 645 obversantibus
876 608 1085 644 miraculis.

192 662 465 711 Theangelida
509 664 550 697 in
608 661 761 698 Libano
808 660 959 711 Syriae,
1006 661 1125 698 Dicte
1172 661 1317 698 Cretae

141 716 343 752 montibus
378 720 419 751 et
447 714 652 764 Babylone
687 720 729 751 et
758 714 864 751 Susis
896 713 1066 751 Persidis
1095 717 1218 758 nasci,
1242 728 1320 764 qua

142 774 239 818 pota
257 767 369 818 Magi
387 768 578 804 divinent.

195 820 518 871 Gelotophyllida
553 823 593 857 in
628 820 779 857 Bactris
816 826 858 857 et
892 823 995 857 circa
1028 820 1318 871 Borysthenen.

142 874 241 911 haec
265 877 297 911 si
320 875 482 911 bibatur
506 887 595 910 cum
620 887 753 910 murra
777 879 819 910 et
843 876 947 918 vino,
971 876 1097 910 varias
1122 875 1319 911 obversari

142 930 293 977 species
319 927 554 976 ridendique
582 927 701 963 finem
727 941 807 964 non
833 927 917 964 fieri
943 930 1015 963 nisi
1042 930 1145 977 potis
1171 927 1319 964 nucleis

141 984 284 1030 pineae
301 984 410 1017 nucis
426 994 514 1017 cum
531 983 668 1030 pipere
685 986 727 1017 et
741 980 859 1017 melle
875 983 915 1016 in
930 983 1020 1017 vino
1035 980 1204 1030 palmeo.

53 1040 112 1070 165
190 1034 465 1071 Hestiaterida
512 1047 535 1070 a
582 1037 765 1070 convictu
813 1036 1007 1070 nominari
1054 1037 1094 1070 in
1142 1032 1316 1078 Perside,

142 1090 329 1136 quoniam
358 1087 577 1123 hilarentur
604 1087 682 1130 illa,
712 1087 881 1123 eandem
909 1087 1213 1136 protomediam,
1241 1101 1320 1137 qua

142 1144 357 1190 primatum
378 1140 483 1190 apud
502 1153 617 1190 reges
637 1141 860 1183 obtineant,
880 1143 1113 1190 casigneten
1131 1143 1319 1190 quoniam

142 1207 276 1230 secum
300 1196 385 1243 ipsa
409 1200 607 1237 nascatur,
631 1207 704 1230 nec
727 1207 817 1230 cum
841 1194 925 1230 aliis
948 1193 1035 1230 ullis
1058 1193 1204 1238 herbis,
1228 1207 1319 1231 ean-

141 1247 235 1284 dem
268 1247 721 1297 djonysonymphadem,
755 1250 942 1296 quoniam
975 1249 1065 1284 vino
1097 1250 1196 1284 mire
1229 1260 1319 1284 con-

142 1303 288 1337 veniat.

193 1353 430 1390 Helianthes
474 1360 590 1390 vocat
633 1356 672 1389 in
716 1353 1026 1403 Themiscyrena
1070 1356 1232 1404 regione
1277 1361 1319 1391 et

142 1407 301 1443 Ciliciae
331 1408 534 1443 montibus
564 1409 786 1450 maritimis,
817 1406 909 1443 folio
939 1410 1071 1457 myrti.
1127 1407 1200 1443 hac
1229 1420 1319 1444 cum

142 1461 259 1510 adipe
284 1460 442 1497 leonino
467 1460 646 1504 decocta,
671 1461 808 1497 addito
832 1473 944 1497 croco
969 1466 1011 1497 et
1034 1460 1191 1510 palmeo
1214 1463 1317 1505 vino,

179 1580 192 1593 ‘²
216 1575 235 1586 ‘⁵
251 1575 362 1606 Snake
380 1575 513 1615 plant.’⁷

183 1618 195 1636 ι’
221 1618 239 1629 “
255 1618 318 1649 Sea
334 1617 560 1657 brightness.”

180 1666 190 1679 ⁶
216 1662 234 1672 ‘⁴
251 1661 355 1690 R-iver
369 1661 514 1701 gleam.”

179 1703 193 1722 ‘¹
218 1704 236 1714 “
251 1703 441 1744 Messenger
460 1704 547 1734 from
566 1704 633 1744 god
649 1704 681 1743 ⁵³(
695 1706 736 1744 ?).

179 1751 189 1764 ε
214 1746 233 1757 “
248 1746 377 1776 Leaves
395 1746 433 1776 of
445 1746 636 1787 laughter.’‘

175 1788 190 1811 s
212 1789 230 1800 “
246 1789 350 1819 Plant
364 1789 402 1819 of
411 1789 469 1819 the
483 1789 604 1829 family
617 1788 776 1820 hearth.”

178 1837 190 1854 ⁹
215 1831 234 1843 “
250 1831 428 1872 Headship
443 1832 482 1862 of
492 1832 551 1862 the
565 1832 715 1863 Medes.'‘

178 1872 192 1891 '¹
215 1874 234 1885 ‘²
250 1874 356 1905 Sister
382 1874 515 1914 plant.’'
562 1875 774 1906 Authorities
798 1875 896 1906 differ
924 1875 1018 1911 here;
1047 1885 1140 1906 some
1162 1875 1243 1906 take
1271 1875 1315 1906 an

135 1917 210 1947 four
226 1927 342 1947 names
358 1921 396 1947 to
412 1917 498 1948 refer
514 1921 552 1948 to
568 1917 626 1948 the
643 1928 736 1949 same
752 1917 862 1958 plant,
880 1917 993 1949 others
1010 1917 1110 1949 think
1126 1917 1205 1949 that
1221 1917 1315 1949 there

135 1969 191 1990 are
208 1965 285 1995 two,
302 1959 360 1990 the
376 1960 498 1990 second
517 1960 616 2001 being
632 1961 690 1991 the
706 1961 876 2002 casignete.

179 2002 187 2020 ²'
213 2002 231 2014 ‘⁶
248 2002 349 2033 Bride
367 2003 406 2033 of
420 2002 628 2043 Dionysus.”

144 2063 210 2098 116
