1459 2288
123 359 160 389 81

125 891 164 921 82

126 1263 166 1295 83

376 143 572 181 PLINY:
620 143 884 180 NATURAL
919 142 1158 180 HISTORY

189 248 304 284 huius
329 260 487 297 quoque
510 246 659 283 herbae
683 246 907 289 discrimen,
932 248 1084 295 optima
1109 244 1371 282 Macedonica

191 307 265 344 est,
285 300 460 337 secunda
479 299 714 349 Cassiopica.

240 354 342 390 LVI.
375 354 518 390 Femur
545 353 740 389 bubulum
768 352 993 401 appellatur
1019 351 1145 388 herba
1171 355 1299 388 nervis
1329 358 1371 388 et

190 410 275 457 ipsa
292 407 399 443 utilis
418 419 554 443 recens
573 409 612 442 in
632 412 746 442 aceto
765 419 809 442 ac
829 405 909 442 sale
927 407 1035 442 trita.

242 460 367 497 LVII.
398 459 604 509 Galeopsis
622 465 705 503 aut,
722 465 766 495 ut
784 458 862 502 alii,
879 457 1144 508 galeobdolon
1161 457 1222 494 vel
1238 457 1370 508 galion

190 514 344 550 caulem
366 519 407 550 et
427 512 521 549 folia
540 513 664 549 habet
685 515 835 548 urticae
856 512 1003 548 leviora
1023 517 1065 548 et
1086 524 1189 560 quae
1209 524 1371 561 gravem

192 567 354 603 odorem
375 569 471 603 trita
490 566 676 609 reddant,
697 565 792 602 flore
812 578 1023 614 purpureo.
1078 567 1253 601 nascitur
1271 567 1373 601 circa

193 633 332 669 saepes
351 633 394 656 ac
412 622 574 656 semitas
591 620 751 668 ubique.
807 617 901 655 folia
918 618 1130 667 caulesque
1148 617 1313 654 duritias
1331 624 1372 654 et

192 676 458 710 carcinomata
484 679 626 709 sanant
654 685 703 709 ex
731 678 846 708 aceto
872 674 968 708 trita
995 677 1036 708 et
1062 673 1247 721 inposita,
1273 674 1372 708 item

191 733 375 769 strumas,
414 739 551 775 panos,
585 725 785 775 parotidas
823 724 1054 761 discutiunt.
1111 737 1160 761 ex
1199 737 1271 761 usu
1311 730 1372 761 est

194 786 235 817 et
270 780 460 816 decoctae
496 793 589 815 suco
624 778 770 815 fovere.
826 780 1099 827 putrescentia
1134 790 1293 826 quoque
1329 783 1371 814 et

191 846 441 883 gangraenas
461 839 575 869 sanat
596 845 685 868 cum
705 831 797 868 sale.

246 886 392 922 LVIII.
424 886 554 922 Glaux
599 888 818 934 antiquitus
862 884 1100 933 eugalacton
1142 884 1372 926 vocabatur,

193 942 318 990 cytiso
345 946 386 976 et
410 939 623 975 lenticulae
649 938 750 975 foliis
776 937 932 980 simili53
972 950 1110 973 aversa
1134 937 1372 973 candidiora.

193 996 290 1030 rami
310 996 349 1029 in
369 999 517 1030 terram
537 998 702 1041 serpunt
723 994 831 1040 quini
851 994 935 1027 seni
955 990 1171 1027 admodum
1190 996 1332 1027 tenues
1351 1003 1375 1026 a

194 1046 337 1083 radice.
392 1045 542 1082 flosculi
574 1047 762 1095 purpurei
796 1044 977 1081 exeunt.l
1030 1046 1230 1080 invenitur
1261 1046 1374 1080 iuxta

192 1113 313 1136 mare.
369 1102 552 1148 coquitur
586 1102 627 1135 in
663 1099 879 1135 sorbitione
915 1096 1145 1146 similaginis
1181 1097 1233 1133 ad
1269 1099 1372 1133 exci-

193 1153 358 1190 tandam
373 1153 602 1189 ubertatem
615 1152 740 1188 lactis.
777 1164 863 1188 eam
880 1153 945 1200 qui
959 1150 974 1173 ²
989 1150 1194 1187 hauserint
1207 1149 1374 1187 balineis

193 1209 251 1243 uti
271 1209 468 1242 convenit.

243 1259 348 1296 LIX.
379 1259 573 1296 Glaucion
588 1261 628 1294 in
645 1257 756 1308 Syria
773 1263 815 1294 et
832 1256 993 1294 Parthia
1009 1259 1197 1300 nascitur,
1213 1256 1372 1293 humilis

193 1312 318 1349 herba
345 1312 476 1349 densis
504 1311 607 1348 foliis
635 1310 719 1348 fere
747 1313 967 1360 papaveris,
994 1310 1210 1346 minoribus
1237 1315 1374 1346 tamen

195 1366 572 1415 sordidioribusque,
610 1364 738 1401 odoris
776 1366 910 1407 taetri,
947 1369 1087 1413 gustus
1125 1366 1247 1399 amari
1285 1376 1374 1399 cum

195 1419 465 1456 adstrictione.
520 1431 689 1468 granum
717 1417 842 1454 habet
872 1420 997 1453 crocei
1027 1416 1177 1453 coloris.
1231 1416 1306 1453 hoc
1334 1419 1374 1452 in

194 1473 272 1509 olla
289 1472 399 1509 fictili
413 1472 499 1509 luto
515 1471 735 1508 circumlita
750 1473 790 1507 in
806 1470 969 1507 clibanis
986 1469 1212 1513 calfaciunt,
1229 1469 1374 1506 deinde

195 1532 384 1576 exempto
413 1539 550 1562 sucum
580 1527 808 1574 exprimunt
837 1523 1016 1560 eiusdem
1044 1525 1225 1560 nominis.
1280 1536 1373 1560 usus

194 1586 235 1616 et
263 1582 343 1616 suci
373 1585 414 1616 et
441 1578 637 1621 foliorum,
665 1581 696 1614 si
724 1583 919 1620 terantur,
948 1576 1134 1613 adversus
1163 1576 1373 1626 epiphoras

243 1652 254 1671 ¹
277 1654 417 1693 exeunt]
441 1652 483 1683 Ut
502 1651 658 1691 Mayhoff
672 1651 724 1681 hic
741 1650 919 1690 distinquo.

241 1697 253 1715 ²
278 1697 334 1736 qui
347 1695 448 1731 codd„
462 1694 636 1735 Detlefsens,
651 1692 826 1734 Mayhoff:
854 1703 940 1733 quae
954 1696 1010 1723 vet.
1025 1691 1114 1729 Dal„
1127 1691 1244 1732 Silliq:
1275 1691 1372 1732 May—

193 1738 263 1779 hoff
274 1738 357 1770 coni.
376 1748 530 1778 cumque.

239 1846 304 1877 “A
320 1850 413 1877 town
429 1846 463 1877 in
481 1845 637 1885 Corcyra.

241 1889 253 1908 b
276 1889 318 1919 Et
338 1889 413 1928 ipsa
432 1888 543 1929 might
563 1898 661 1918 mean
687 1887 706 1899 ‘
721 1897 807 1918 even
828 1886 873 1927 by
894 1885 1019 1922 itselfss’
1042 1884 1223 1917 ‘without
1242 1885 1374 1917 further

194 1932 358 1963 addition.
364 1931 383 1943 ”
430 1931 500 1962 The
518 1929 721 1961 translation
740 1929 838 1960 takes
856 1930 883 1961 it
903 1933 939 1960 to
958 1929 1022 1960 be.
1056 1927 1186 1959 “itself
1199 1928 1281 1959 also.
1286 1928 1305 1940 ’'

236 1974 359 2005 ‘Nove
373 1974 442 2005 this
457 1974 615 2014 meaning
631 1972 669 2003 of
681 1983 718 2003 ex
732 1983 795 2003 usu
811 1975 865 2003 est.
913 1971 974 2003 See
990 1970 1092 2002 XXV
1107 1972 1121 2010 §
1139 1973 1209 2002 175.

235 2016 250 2036 ἆ
273 2017 343 2048 The
359 2017 415 2059 qui
431 2018 458 2050 is
475 2020 622 2060 strange,
640 2015 708 2048 and
727 2025 807 2056 may
824 2015 865 2046 be
882 2025 925 2046 an
942 2013 1035 2055 early
1051 2014 1196 2045 mistake
1213 2013 1264 2045 for
1279 2023 1371 2054 quae.

191 2081 262 2128 438
