1459 2288
368 136 562 173 PLINY:
610 135 872 172 NATURAL
906 134 1143 172 HISTORY

168 252 319 275 veneno
340 240 542 281 viverent;
575 238 625 274 ad
649 237 761 273 illum
786 237 1033 286 Asclepiadis
1053 236 1241 273 medendi
1261 242 1346 272 arte

166 297 258 333 clari
283 296 482 333 volumina
505 298 724 345 composita
748 301 903 339 extant,
926 308 1016 331 cum
1039 294 1274 331 sollicitatus
1298 307 1346 331 ex

168 356 263 392 urbe
292 355 417 391 Roma
437 360 653 404 praecepta
680 367 750 403 pro
779 367 820 390 se
848 356 1053 396 mitteret;
1082 353 1195 389 illum
1221 352 1347 389 solum

167 413 394 450 mortalium
427 419 581 449 certum
615 418 676 449 est
708 425 788 448 xxn
821 412 965 462 linguis
997 411 1188 455 locutum,
1221 423 1293 447 nec
1326 423 1347 447 e

167 473 354 508 subiectis
382 472 570 521 gentibus
600 471 727 507 ullum
755 471 957 507 hominem
986 483 1058 519 per
1085 472 1348 519 interpretem

166 531 412 580 appellatum
433 531 482 566 ab
505 543 551 566 eo
572 532 683 566 annis
704 541 765 565 Lvi
787 530 929 578 quibus
950 531 1143 578 regnavit.
1198 531 1229 565 is
1254 541 1348 577 ergo

166 592 206 625 in
225 589 378 638 reliqua
393 591 542 638 ingenii
561 588 838 638 magnitudine
859 588 1081 624 medicinae
1097 586 1349 636 peculiariter

167 650 340 684 curiosus
358 653 399 684 et
416 648 465 683 ab
482 647 663 683 omnibus
677 647 878 690 subiectis,
893 648 960 695 qui
975 645 1087 682 fuere
1100 658 1247 695 magna
1258 658 1348 694 pars

167 713 376 749 terrarum,
419 705 576 755 singula
619 708 831 754 exquirens
875 707 1062 741 scrinium
1105 709 1348 740 commenta-

169 767 322 801 tionum
348 764 488 800 harum
517 769 558 800 et
585 763 831 813 exemplaria
859 762 1104 812 effectusque
1130 764 1171 798 in
1198 764 1348 798 arcanis

168 826 245 860 suis
281 822 456 872 reliquit,
492 821 705 872 Pompeius
742 828 878 858 autem
914 824 1020 858 omni
1056 821 1205 870 praeda
1239 823 1349 870 regia

169 884 318 931 potitus
343 880 558 917 transferre
583 894 631 917 ea
655 893 837 917 sermone
862 886 996 916 nostro
1020 879 1210 916 libertum
1234 892 1348 915 suum

170 940 374 976 Lenaeum
418 942 704 989 grammaticae
750 941 844 975 artis
890 941 1016 981 iussit,
1061 940 1248 987 vitaeque
1292 939 1349 974 ita

169 998 315 1048 profuit
337 1012 414 1034 non
436 1000 564 1034 minus
586 1011 706 1047 quam
727 997 968 1046 reipublicae
992 999 1154 1033 victoria
1173 996 1253 1032 illa.

217 1057 284 1094 IV.
315 1055 479 1093 Praeter
513 1056 583 1093 hos
615 1056 756 1093 Graeci
791 1062 971 1092 auctores
1008 1055 1217 1104 prodidere
1252 1067 1349 1103 quos

169 1119 246 1152 suis
293 1115 386 1152 locis
433 1116 618 1158 diximus,
666 1128 714 1151 ex
761 1114 820 1150 his
867 1114 1073 1158 Crateuas5
1121 1113 1349 1163 Dionysius,

171 1174 426 1211 Metrodorus
450 1176 603 1210 ratione
627 1174 884 1210 blandissima
907 1173 977 1210 sed
1000 1186 1079 1222 qua
1101 1172 1197 1208 nihil
1220 1184 1349 1221 paene

169 1233 275 1270 aliud
325 1246 444 1282 quam
493 1233 702 1269 difficultas
752 1234 806 1268 rei
857 1231 1128 1281 intellegatur.
1183 1233 1348 1279 pinxere

170 1305 342 1341 namque
383 1291 532 1341 effigies
572 1291 785 1327 herbarum
826 1296 948 1339 atque
988 1292 1045 1326 ita
1084 1290 1349 1338 subscripsere

170 1349 345 1386 effectus.
400 1363 537 1386 verum
564 1355 605 1386 et
630 1352 785 1399 pictura
811 1348 933 1385 fallax
959 1354 1020 1385 est
1046 1348 1240 1385 coloribus
1266 1354 1349 1384 tam

171 1411 401 1451 numerosis,
446 1411 681 1458 praesertim
726 1410 766 1444 in
811 1407 1123 1444 aemulationem
1168 1412 1348 1449 naturae,

171 1467 421 1516 multumque
457 1467 678 1517 degenerat
714 1467 1064 1503 transcribentium
1099 1464 1177 1501 fors
1212 1464 1347 1501 varia}

172 1532 378 1574 praeterea
408 1539 547 1575 parum
578 1531 639 1562 est
668 1525 843 1575 singulas
873 1538 1010 1561 earum
1040 1529 1196 1560 aetates
1225 1526 1348 1573 pingi,

170 1598 259 1621 cum
281 1585 579 1634 quadripertitis
601 1584 861 1620 varietatibus
882 1585 973 1619 anni
995 1582 1137 1619 faciem
1157 1587 1329 1618 mutent.

222 1665 233 1683 ¹
258 1663 326 1695 fors
350 1664 445 1695 varia
467 1663 570 1700 codd„
595 1663 780 1703 Detlefsen:
813 1663 967 1694 socordia
991 1661 1148 1702 Mayhoff
1159 1674 1166 1693 z
1201 1661 1349 1693 sollertia

177 1707 213 1739 C.
228 1707 270 1738 F.
292 1708 338 1738 W.
356 1707 491 1738 Milller.

212 1831 226 1845 ‘³
249 1826 433 1866 Mayhoff’s
453 1825 600 1857 socordia
622 1825 734 1856 would
755 1825 853 1866 give:
892 1824 910 1836 “
925 1824 1035 1865 owing
1057 1827 1093 1854 to
1115 1824 1173 1854 the
1196 1823 1348 1854 careless-

170 1880 243 1900 ness
257 1869 294 1899 of
309 1869 367 1900 the
382 1880 419 1900 co
423 1869 566 1910 pyists''
579 1869 742 1905 ;Miiller'
746 1880 761 1899 s
755 1836 942 1899 gsollertia.
969 1867 1112 1907 “owing
1128 1870 1164 1897 to
1181 1866 1240 1897 the
1257 1866 1347 1903 (mis-

169 1912 296 1953 p‚laced
317 1912 364 1942 ill·
367 1880 489 1949 ῖίῑῑιξὲᾰ)
509 1912 686 1952 ingenuity
706 1911 744 1942 of
759 1911 818 1942 the
838 1910 1022 1951 copyistsf‘
1071 1910 1141 1940 But,
1159 1909 1272 1949 surely
1290 1909 1349 1940 the

168 1955 305 1991 reading
323 1955 362 1985 of
374 1955 433 1986 the
450 1955 544 1986 MSS.
562 1955 656 1995 gives
673 1965 693 1985 a
710 1954 799 1995 good
816 1964 922 1989 sense,
941 1953 1010 1984 and
1027 1952 1166 1984 aceords
1183 1951 1348 1993 perfeetly

168 1998 250 2029 with
266 1998 375 2038 Pliny'
379 2008 394 2029 s
412 1997 670 2038 “journalese''
688 1997 776 2038 style
792 1997 831 2028 of
841 1997 986 2037 writing.

174 2071 240 2105 140
