1459 2288
348 139 541 176 PLINY:
589 138 852 176 NATURAL
886 137 1123 174 HISTORY

148 244 323 279 omnium
355 241 565 277 lenticulae
595 240 736 282 simile,
765 242 916 276 minore
945 245 1105 275 tantum
1136 245 1177 275 et
1205 252 1328 289 grano

150 309 191 339 et
238 302 420 339 folliculo.
477 302 674 351 colligitur
722 306 928 344 autumno,
977 306 1072 337 ante
1119 300 1327 337 collectum

151 367 269 400 nimio
285 364 449 400 validius
464 366 618 412 spissat.
659 376 774 399 sucus
792 375 840 398 ex
856 361 1035 398 folliculis
1051 375 1153 411 aqua
1168 361 1327 398 caelesti

149 425 330 475 perfusis,
358 439 449 461 mox
477 428 516 461 in
543 425 622 474 pila
649 427 746 460 tusis
775 426 1011 472 exprimitur
1037 426 1207 473 organis,
1234 429 1330 460 tunc

148 487 339 524 densatur
384 489 423 522 in
470 486 550 523 sole
598 488 792 522 mortariis
839 488 879 521 in
925 484 1113 534 pastillos.
1168 484 1214 521 fit
1260 483 1328 522 etl

149 548 249 585 soliis
272 551 400 584 minus
422 548 571 584 efficax.
629 547 678 583 ad
699 550 804 583 coria
825 546 1068 596 perficienda
1087 549 1238 583 semine
1259 559 1330 596 pro

58 616 118 647 110
144 610 249 660 galla
279 616 458 646 utuntur.
514 609 696 645 foliorum
727 622 841 645 sucus
865 614 906 644 et
937 608 1144 645 Galaticae
1174 610 1330 645 acaciae

149 675 384 721 nigerrimus
415 672 663 720 inprobatur,
695 673 792 706 item
824 672 891 719 qui
921 670 1035 706 valde
1065 668 1186 706 rufus.
1241 683 1330 719 pur-

149 746 273 782 purea
289 739 357 769 aut
378 732 623 782 leucophaea
640 738 681 768 et
702 745 805 781 quae
822 731 1006 768 facillime
1023 731 1298 768 diluitur—xus
1316 731 1331 754 2

149 808 304 831 summa
358 794 408 831 ad
462 794 711 843 spissandum
765 793 1165 843 refrigerandumque
1219 799 1330 830 est——

150 856 349 893 oculorum
372 856 674 892 medicamentis
696 861 790 891 ante
819 855 895 891 alia
916 854 1065 891 utiles3.
1087 854 1271 891 lavantur
1290 857 1330 891 in

149 931 215 954 eos
250 931 341 954 usus
375 917 533 967 pastilli,
558 918 607 953 ab
642 917 724 953 aliis
758 922 973 960 torrentur5
996 917 1046 953 ab
1080 916 1162 953 aliis
1197 929 1330 965 perur-

149 985 281 1015 untur.
337 979 521 1028 capillum
570 981 746 1029 tingunt,
789 984 933 1014 sanant
980 980 1114 1028 ignem
1163 991 1331 1022 sacrum,

149 1040 283 1077 ulcera
318 1054 420 1090 quae
456 1046 622 1090 serpunt
658 1046 699 1076 et
735 1040 870 1076 umida
905 1042 1000 1076 vitia
1035 1042 1220 1089 corporis,
1255 1039 1331 1076 col-

149 1102 353 1145 lectiones,
397 1102 581 1138 articulos
624 1107 822 1145 contusos,
865 1104 1089 1150 pernioneS‚
1132 1103 1328 1152 pterygia.

151 1164 438 1200 abundantiam
452 1177 634 1200 mensum
650 1166 689 1199 in
704 1163 861 1200 feminis
876 1165 1023 1199 sistunt
1037 1163 1274 1212 vulvamque
1289 1168 1331 1200 et

149 1225 286 1262 sedem
334 1225 599 1274 procidentes,
647 1227 743 1261 item
792 1224 937 1266 oculos2
986 1227 1062 1261 oris
1112 1224 1243 1261 ulcera
1289 1230 1331 1261 et

148 1286 397 1336 genitalium.

58 1353 115 1383 111
197 1348 385 1384 LXVIII.
415 1348 597 1398 vulgaris
646 1361 805 1397 quoque
851 1347 950 1384 haec
997 1350 1111 1397 spina
1157 1360 1206 1384 ex
1253 1361 1331 1397 qua

150 1423 275 1447 aenae
296 1409 484 1446 fulloniae
513 1410 717 1459 inplentur
746 1409 916 1446 radicis4
948 1422 1040 1446 usus
1069 1409 1205 1446 habet.
1259 1423 1331 1459 per

150 1471 362 1520 Hispanias
393 1471 554 1520 quidem
585 1471 699 1507 multi
731 1477 771 1507 et
802 1473 906 1507 inter
936 1471 1077 1507 odores
1109 1476 1150 1507 et
1180 1471 1231 1508 ad
1260 1485 1330 1507 un-

148 1538 301 1582 guenta
330 1538 498 1569 utuntur
525 1532 591 1568 illa
620 1532 871 1582 aspalathum
901 1538 1100 1569 vocantes.
1157 1538 1218 1569 est
1246 1535 1330 1569 sine

196 1621 207 1639 ¹
231 1625 266 1651 et
282 1621 370 1651 codd.
388 1625 416 1651 et
434 1620 502 1651 edd.
518 1633 525 1655 ;
551 1631 596 1651 an
614 1624 680 1651 ex?
732 1621 806 1651 Post
827 1621 998 1651 mortariis
1017 1620 1092 1651 add.
1113 1623 1148 1650 et
1168 1620 1331 1662 digeritur

157 1663 391 1703 Warminqton.

194 1707 205 1724 ²
231 1707 282 1736 vis
313 1716 385 1736 cum
416 1706 540 1746 aliquot
575 1706 663 1736 codd.
700 1706 862 1746 Maylzoff,
899 1706 955 1746 qui
990 1706 1063 1736 dist.
1098 1710 1132 1736 ut
1166 1705 1203 1736 in
1233 1710 1328 1737 textu.

153 1750 318 1780 Fortasse:
346 1749 381 1779 vi
406 1774 412 1781 .
440 1774 447 1780 .
473 1774 480 1781 .
505 1749 770 1789 refrigerandum
786 1753 876 1785 sunt,
896 1754 926 1780 ut
942 1749 1011 1789 ipse
1027 1748 1183 1788 „Masqhoff
1193 1748 1277 1779 coni.

197 1791 210 1809 ³
234 1791 334 1822 utiles
350 1791 450 1827 codd„
469 1791 641 1831 Mayhoff:
673 1791 768 1822 utilis
786 1791 893 1831 Silliy,
910 1791 1084 1832 Detlefsen.

198 1835 210 1852 ⁴¹
233 1834 369 1873 radicis]
400 1845 444 1864 αη
474 1834 644 1865 radiculae
677 1834 869 1874 leyendum?
926 1834 990 1866 Sed
1013 1834 1085 1865 vide
1109 1834 1197 1865 XII.
1223 1835 1238 1874 ξ
1265 1835 1325 1865 110

151 1877 250 1908 radix
271 1881 325 1914 (sc.
348 1877 534 1917 aspalathi)
555 1879 738 1917 unguentis
759 1878 942 1917 expetitur.

189 1961 204 1976 ‘²
227 1957 377 1998 Perhaps
399 1958 564 1989 mortariis
583 1957 706 1989 should
727 1958 767 1989 be
787 1958 921 1989 deleted
944 1968 982 1989 as
1005 1968 1026 1989 a
1048 1958 1138 1999 gloss
1158 1967 1201 1988 on
1221 1957 1329 1988 either

145 2000 217 2041 pila
233 2011 270 2031 or
286 2000 427 2040 organis.

148 2063 194 2097 80
