1459 2288
368 185 561 222 PLINY:
608 185 871 222 NATURAL
905 185 1141 222 HISTORY

100 292 140 323 88
163 293 335 324 tantum.
390 287 575 323 tunditur
599 286 823 324 difficulter.
878 287 1159 323 coxendicibus
1185 293 1228 323 et
1252 290 1344 324 arti-

100 771 140 802 89

101 1144 142 1175 90

166 341 262 377 011113
291 341 472 376 omnibus
501 353 591 376 cum
620 343 794 390 axungia
820 340 977 376 modica
1004 340 1226 383 utilissima,
1255 343 1344 376 viris

167 394 380 443 plurimum
419 396 622 442 quaternis
661 393 780 436 horis,
818 393 975 430 feminis
1013 396 1142 430 minus
1180 393 1345 430 dimidio

168 447 398 496 adalligata,
419 453 464 483 ut
485 447 630 483 deinde
653 450 694 483 in
713 447 880 483 balineis
901 447 1168 483 descendatur
1191 449 1231 483 in
1255 447 1346 483 cali-

167 500 259 536 dam
281 506 322 536 et
342 506 483 549 postea
503 500 591 536 oleo
612 513 657 536 ac
677 503 767 536 vino
787 506 1065 549 perunguatur
1084 513 1239 549 corpus,
1260 500 1343 536 die-

167 554 321 602 busque
360 556 506 589 vicenis
544 556 789 602 interpositis
827 553 934 589 idem
972 553 1056 597 fiat,
1089 556 1119 589 si
1160 566 1239 602 qua
1279 553 1346 589 ad-

167 609 333 643 monitio
366 606 510 643 doloris
543 609 727 655 supersit.
782 606 856 643 hoc
889 606 1007 643 modo
1039 606 1345 643 rheumatismos

167 673 305 696 omnes
327 666 442 696 sanat
463 660 650 696 occultos.
705 663 909 709 inponitur
929 673 1008 696 non
1029 662 1069 696 in
1088 662 1175 709 ipsa
1193 659 1346 696 inflam-

167 716 359 756 matione,
381 713 451 749 sed
470 716 680 750 inminuta.

216 766 260 802 L.
291 766 492 802 Animalia
510 779 669 816 quoque
687 769 876 803 invenere
894 766 1052 810 herbas,
1070 769 1110 802 in
1127 769 1344 815 primisque

167 819 444 856 chelidoniam.
500 819 573 856 hac
595 823 701 856 enim
721 819 952 856 hirundines
974 819 1096 856 0011113
1111 819 1126 842 1
1147 819 1346 868 pullorum

168 876 208 909 in
223 873 317 909 nido
333 873 595 923 (medentur)
609 876 910 922 restituuntque
925 873 939 895 2
954 875 1094 915 visum,
1115 879 1160 909 ut
1184 873 1346 922 quidam

168 926 320 969 volunt,
342 929 465 963 etiam
485 930 608 963 erutis
628 927 762 962 oculis.
817 939 966 976 genera
987 929 1070 963 eius
1090 926 1191 963 duo:
1223 929 1347 962 maior

169 979 371 1023 fruticosa,
405 979 498 1016 folio
532 983 762 1029 pastinacae
797 982 990 1016 erraticae
1025 979 1229 1029 ampliore,
1262 982 1348 1028 ipsa

169 1033 382 1070 altitudine
398 1033 522 1069 duum
537 1034 776 1076 cubitorum,
791 1033 895 1069 colos
912 1033 1100 1076 albicans,
1115 1032 1185 1069 flos
1200 1032 1345 1069 luteus.

168 1089 309 1122 minori
351 1085 446 1122 folia
487 1086 661 1123 hederae
704 1086 950 1130 rotundiora,
991 1089 1121 1122 minus
1163 1086 1345 1122 candida.

169 1153 284 1176 sucus
310 1142 410 1176 croci
437 1140 617 1183 mordax,
671 1153 808 1176 semen
834 1142 1054 1189 papaveris.
1110 1139 1254 1176 florent
1280 1139 1348 1175 ad-

169 1199 292 1229 ventu
338 1193 608 1236 hirundinum,
655 1193 830 1229 discessu
886 1193 1167 1229 marcescunt.3
1233 1205 1348 1229 sucus

169 1245 402 1283 florentibus
431 1249 681 1295 exprimitur,
709 1252 751 1283 et
777 1249 818 1282 in
846 1259 963 1282 aereo
991 1259 1082 1282 vase
1111 1259 1201 1282 cum
1227 1245 1347 1282 melle

169 1300 307 1336 Attico
338 1299 482 1336 leniter
511 1302 643 1336 cinere
675 1298 847 1336 ferventi
878 1299 1129 1348 decoquitur,
1159 1299 1347 1349 singulari

168 1353 346 1389 remedio
373 1359 511 1389 contra
537 1353 725 1402 caligines
749 1353 964 1389 oculorum.
1020 1358 1189 1389 utuntur
1213 1359 1255 1389 et
1277 1365 1349 1401 per

169 1419 211 1443 se
242 1419 334 1443 suco
366 1412 407 1443 et
437 1409 477 1443 in
507 1406 677 1456 collyriis
708 1419 811 1456 quae
842 1405 1066 1442 chelidonia
1096 1405 1348 1455 appellantur

170 1460 220 1496 ab
241 1473 300 1496 ea.

220 1533 232 1552 ¹
256 1533 363 1564 oculis
380 1533 554 1574 Mayhoff:
585 1533 697 1564 ocules
712 1533 756 1563 V²
773 1546 779 1564 :
809 1532 924 1564 oculos
938 1532 1109 1573 Detlessen.

219 1576 231 1594 ²
254 1577 508 1616 restituuntque
531 1577 571 1613 E,
590 1576 753 1616 Jlaylzoff,
769 1576 825 1617 qai
849 1575 1003 1607 lacunam
1025 1580 1095 1616 post
1118 1577 1198 1608 nido
1222 1575 1346 1606 indicat

174 1623 201 1650 et
238 1620 419 1650 medentur
457 1620 541 1650 coni.
589 1621 656 1660 qu
696 1619 961 1659 supplementum
1000 1618 1083 1650 addo
1125 1618 1347 1650 Dioscoridem

174 1667 322 1693 secutus:
364 1664 551 1694 restituunt
578 1663 731 1703 dantque
759 1663 813 1700 V2,
843 1663 1015 1702 Detlessen.
1064 1663 1141 1693 Non
1168 1663 1348 1694 medentur

176 1704 233 1736 sed
250 1709 393 1745 prosunt
409 1705 539 1746 supplet
555 1705 737 1736 Brakman.

217 1748 230 1766 ³
254 1752 466 1779 marcescunt
494 1749 525 1779 R
552 1748 580 1779 E
608 1747 704 1789 vulq„
730 1747 906 1788 JIayhoff:
947 1747 1140 1778 inarescunt
1164 1747 1346 1788 Detlessen:

174 1795 333 1822 arescunt
350 1791 372 1822 d
388 1791 426 1822 T.

214 1896 228 1911 ‘²
252 1893 267 1923 Ι
286 1893 372 1923 have
389 1893 540 1933 adopted
557 1892 615 1923 the
633 1893 827 1933 suggestion
845 1891 884 1923 of
898 1892 1064 1933 Mayhoff,
1082 1892 1191 1923 which
1208 1892 1250 1923 he
1269 1892 1348 1923 does

169 1940 230 1966 not
248 1937 340 1975 print
356 1937 391 1966 111
409 1937 460 1967 1113
478 1939 565 1973 text,
584 1936 727 1966 because
745 1936 783 1966 of
803 1935 1017 1966 Dioscorides
1035 1935 1071 1966 II
1092 1937 1175 1966 180:
1207 1935 1291 1969 τινὲς
1315 1935 1348 1967 δὲ

172 1979 431 2019 προσιστόρησαν
446 1979 508 2015 ὅτι,
526 1978 581 2010 ἐάν
603 1992 652 2012 τις
674 1979 828 2019 τυφλωθῇ
851 1981 917 2009 τῶν
939 1982 995 2019 τῆς
1014 1978 1178 2019 χελιδόνος
1196 1980 1347 2014 νεοσσῶν,

168 2021 202 2052 αἱ
225 2021 358 2061 μητέρες
387 2021 621 2062 προσφέρουσαι
649 2021 708 2062 τὴν
734 2021 816 2053 πόαν
841 2020 951 2052 ἰῶνται
980 2021 1038 2061 τὴν
1066 2020 1213 2062 πήρωσιν
1239 2021 1346 2052 αὐτοῦ.

170 2063 268 2104 Pliny
281 2064 364 2095 took
378 2064 524 2105 πήρωσιν
537 2068 574 2096 to
587 2074 686 2095 mean
701 2065 779 2095 that
793 2064 852 2095 the
865 2074 944 2105 eyes
956 2074 1041 2094 were
1056 2064 1206 2105 actually
1217 2064 1347 2104 gouged

173 2121 243 2145 200
