1459 2288
178 570 237 601 155

176 1156 236 1188 156

467 141 662 179 PLINY:
708 142 973 180 NATURAL
1006 143 1243 180 HISTORY

267 252 343 289 est,
381 245 440 281 lac
478 257 767 294 puerperarum
807 248 990 281 mammis
1030 247 1204 294 inposita
1245 248 1446 296 extinguit

266 311 536 347 veneremque
599 298 771 334 testibus
835 300 937 334 circa
998 299 1257 347 pubertatem
1318 299 1444 335 inlita.

265 352 444 389 remedia
470 352 538 387 inl
566 352 709 401 quibus
738 349 914 387 bibenda
939 357 1126 388 censetur
1153 365 1232 388 non
1260 352 1447 401 equidem

266 407 552 455 praeceperim.
607 407 664 440 vis
695 407 870 440 maxima
902 410 1023 441 natae
1055 404 1161 441 Susis
1193 403 1445 449 Parthorum,

266 472 359 495 mox
383 458 619 501 Laconicae,
642 457 838 500 Creticae,
862 458 1078 501 Asiaticae,
1099 460 1140 494 in
1164 458 1332 495 Graecia
1353 471 1446 495 vero

269 511 517 561 Megaricae,
538 511 685 547 deinde
706 511 881 547 Atticae.

315 564 456 601 XCVI.
487 564 676 601 Cremnos
717 566 845 614 agrios
885 567 1056 614 gremias
1096 564 1204 601 tollit
1243 564 1445 602 oculorum

266 621 474 668 inpositus,
498 623 698 654 tumorem
722 630 881 667 quoque
904 617 1069 667 polenta
1092 617 1241 654 addita.

316 671 480 708 XCVII.
511 671 697 708 Nascitur
720 671 839 720 vulgo
863 671 1144 721 molybdaena,
1168 671 1209 708 id
1233 677 1295 708 est
1317 671 1445 720 plum-

264 726 383 775 bago,
416 727 539 761 etiam
568 727 609 761 in
641 737 747 768 arvo,
778 723 874 761 folio
904 724 1071 774 lapathi,
1102 737 1245 768 crassa,
1276 724 1443 774 hispida.

264 778 338 814 hac
359 778 692 814 commanducata
712 780 743 814 si
764 778 900 814 oculus
921 777 1089 814 subinde
1109 778 1298 828 lingatur,
1318 778 1446 827 plum-

264 832 374 874 bum,
396 832 502 880 quod
523 837 583 868 est
604 844 730 881 genus
750 833 849 874 vitii,
870 844 919 867 ex
940 831 1053 868 oculo
1072 831 1238 868 tollitur.

317 885 503 921 XCVIII.
534 884 690 934 Capnos
717 884 890 927 trunca,2
918 897 1038 933 quam
1065 884 1188 934 pedes
1215 884 1445 934 gallinacios

265 944 422 981 vocant,
469 951 634 974 nascens
674 940 715 973 in
754 940 960 987 parietinis
1003 943 1045 974 et
1087 938 1288 987 saepibus,
1327 941 1446 974 ramis

265 994 507 1028 tenuissimis
535 994 774 1040 sparsisque,
801 990 897 1028 flore
924 1004 1139 1040 purpureo,
1166 990 1260 1027 folio
1277 992 1292 1014 ³
1318 991 1446 1035 viridi,

264 1058 357 1081 suco
405 1045 616 1095 caliginem
663 1044 841 1087 discutit,
883 1047 1022 1094 itaque
1063 1047 1105 1080 in
1150 1044 1447 1082 medicamenta

264 1098 468 1135 oculorum
490 1098 662 1135 additur.
987 1125 991 1129 -

313 1151 457 1188 XCIX.
488 1151 633 1188 Similis
665 1157 706 1188 et
736 1154 897 1188 nomine
929 1156 970 1188 et
1001 1150 1146 1188 effectu
1176 1151 1247 1188 sed
1277 1150 1355 1188 alia
1384 1157 1445 1189 est

263 1218 409 1254 capnos
433 1204 635 1248 fruticosa,
659 1211 912 1254 praetenera,
937 1203 1040 1241 foliis
1063 1204 1272 1248 coriandri,
1295 1207 1445 1241 cinera-

264 1261 323 1295 cei
361 1258 514 1302 coloris‚
552 1258 647 1295 flore
684 1271 897 1308 purpureo.
953 1260 1128 1295 nascitur
1164 1261 1205 1295 in
1240 1257 1365 1295 hortis
1403 1264 1446 1295 et

318 1353 329 1371 ¹
346 1352 495 1383 remedia
517 1353 551 1383 in
573 1351 731 1392 Mayhoff
743 1364 750 1383 ε
786 1352 935 1383 remedio
957 1351 1144 1392 Detlessen:
1179 1352 1329 1384 remedia
1348 1351 1446 1383 multi

272 1394 474 1486 εοίᾷἆὲτυῃοᾶ
488 1438 606 1474 Ianus,
623 1437 796 1477 Detlefsen,
813 1437 970 1478 Mayhoff
982 1449 988 1469 :
1015 1440 1130 1468 truma
1143 1441 1201 1468 aut
1214 1441 1317 1469 truna
1331 1437 1420 1469 codd.
1437 1451 1446 1470 :

272 1480 555 1597 ffiffisssszd‘i'ffl
577 1523 661 1554 coni.
685 1523 861 1564 Mayhoff2
898 1523 1014 1554 viridis
1036 1523 1209 1564 Detzefsen,
1233 1523 1390 1565 Maykoff
1409 1523 1446 1554 in

285 1576 322 1597 ex
336 1576 369 1603 u,
387 1576 422 1597 co
469 1591 476 1597 .

302 1715 319 1732 ⁸
340 1711 516 1753 Although
530 1712 626 1744 there
640 1713 668 1743 is
682 1723 726 1744 no
740 1716 832 1743 trace
847 1712 885 1743 of
896 1713 922 1743 it
937 1713 971 1744 in
986 1712 1044 1744 the
1058 1712 1150 1749 MSS,
1167 1712 1273 1743 radice
1287 1723 1394 1744 seems
1407 1716 1444 1744 to

259 1754 346 1786 have
375 1755 476 1786 fallen
506 1759 567 1786 out
596 1755 704 1786 either
733 1755 846 1786 before
875 1766 913 1786 or
942 1756 1029 1786 after
1057 1765 1176 1786 crassa.
1223 1756 1293 1787 The
1322 1756 1445 1786 former

258 1797 371 1828 would
400 1799 497 1838 give:
544 1798 562 1809 “
577 1798 660 1829 with
690 1809 710 1828 a
739 1798 834 1829 thick
865 1798 933 1829 and
963 1798 1059 1838 hairy
1087 1802 1174 1835 root,
1178 1798 1196 1810 '⁵
1228 1798 1288 1829 the
1319 1798 1442 1829 latter:

261 1840 391 1880 “hairy
406 1840 474 1871 and
488 1840 571 1871 with
586 1851 606 1871 a
622 1841 715 1871 thick
730 1841 828 1871 root.’

306 1883 318 1901 ⁶
341 1882 460 1914 Tha‘c
452 1883 644 1919 1s‚rubbed
664 1883 709 1924 Iig
711 1883 800 1923 htly.
847 1883 918 1914 But
939 1883 1040 1923 Pliny
1060 1893 1141 1924 may
1162 1893 1263 1914 mean
1285 1883 1364 1915 that
1385 1883 1444 1914 the

261 1935 384 1974 person
400 1926 516 1966 giving
531 1925 590 1956 the
611 1894 802 1957 treatment
818 1925 941 1957 should
963 1926 1057 1957 chew
1074 1937 1093 1956 a
1109 1926 1187 1957 wad
1203 1926 1242 1957 of
1256 1926 1316 1957 the
1332 1926 1441 1966 plant,

259 1969 405 2009 pausing
425 1978 501 2000 now
521 1968 591 1999 and
609 1969 691 2000 then
715 1972 752 2000 to
772 1968 838 2000 lick
858 1969 916 1999 the
939 1968 1086 2009 patient’
1090 1979 1105 1999 s
1124 1979 1198 2009 eye.
1246 1969 1317 2001 One
1335 1969 1444 2010 might

257 2011 379 2044 emend
397 2015 434 2042 bo
455 2011 506 2043 al*
508 2015 616 2050 astur,
639 2012 701 2044 but
722 2012 750 2043 it
767 2013 795 2043 is
814 2022 899 2052 very
918 2012 1068 2052 unlikely
1088 2011 1166 2043 that
1187 2022 1224 2043 so
1246 2022 1402 2043 common
1422 2022 1443 2042 a.

260 2057 330 2101 246
