1459 2288
392 132 585 170 PLINY:
625 132 888 170 NATURAL
926 131 1163 170 HISTORY

122 240 161 270 87
187 233 387 271 medendo
405 240 596 283 quattuor
611 234 823 271 drachmae
841 237 936 271 satis
953 240 1058 271 sunt.
1112 248 1237 284 grana
1252 237 1366 284 nigra

190 288 430 324 auxiliantur
453 293 494 324 et
515 288 856 337 suppressionibus
877 290 1078 324 nocturnis
1099 290 1139 324 in
1159 291 1250 324 vino
1271 294 1367 337 pota

190 354 268 390 quo
283 340 435 377 dietum
451 346 512 377 est
526 354 705 384 numero,
720 341 969 378 stomachicis
983 354 1076 378 vero
1092 347 1134 378 et
1147 342 1366 378 rosionibus

191 400 233 431 et
254 407 339 431 esse
361 407 450 430 eam
471 400 513 430 et
532 394 698 431 inlinere
717 394 892 444 prodest.
947 397 1251 444 suppurationes
1272 407 1367 444 quo-

191 460 268 496 que
308 447 589 490 discutiuntur,
629 454 812 484 recentes
851 451 964 497 nigro
1004 450 1169 491 semine,
1209 453 1366 485 veteres

189 501 320 537 rubro.
374 506 589 550 utrumque
615 501 828 537 auxiliatur
851 515 875 537 a
897 506 1084 550 serpente
1108 503 1300 550 percussis
1325 506 1368 538 et

190 556 321 604 pueris
340 560 479 590 contra
496 554 664 590 calculos
682 557 897 604 incipiente
914 554 928 576 ¹
947 557 1182 604 stranguria.

123 612 162 641 88
239 606 345 643 LXI.
375 607 642 656 Gnaphalium
698 607 819 656 aliqui
874 607 1155 644 chamaezelon
1211 613 1367 650 vocant,

190 663 299 696 cuius
328 659 429 697 foliis
458 660 556 697 albis
584 660 848 710 mollibusque
876 674 947 710 pro
975 666 1158 698 tomento
1185 666 1367 704 utuntur,

189 727 284 750 sane
325 719 367 750 et
407 713 550 750 similia
588 720 694 750 sunt.
749 713 867 751 datur
906 716 947 750 in
985 716 1077 751 vino
1116 720 1275 751 austero
1315 713 1366 750 ad

189 766 463 816 dysinteriam,
486 770 633 803 ventris
657 767 873 804 solutiones
895 780 1134 817 mensesque
1156 767 1367 804 mulierum

189 822 305 857 sistit.
359 819 581 857 infunditur
635 826 772 857 autem
826 826 1021 857 tenesmo.
1092 820 1271 858 inlinitur
1325 826 1368 857 et

189 874 511 923 putrescentibus
527 873 716 910 ulcerum.

122 931 161 962 89
238 926 366 963 LXII.
397 926 669 977 Gallidragam
695 932 809 964 vocat
834 926 1080 964 Xenocrates
1106 926 1367 964 leucacantho

189 980 370 1023 similem,
390 980 609 1029 palustrem
629 987 670 1017 et
690 983 902 1030 spinosam,
922 980 1033 1017 caule
1054 979 1253 1017 ferulaceo
1272 980 1367 1023 alto,

189 1036 251 1070 cui
291 1046 445 1070 summo
485 1036 617 1083 capite
656 1033 865 1070 inhaereat
906 1033 1032 1070 simile
1073 1047 1158 1070 ovo.
1212 1036 1253 1070 in
1292 1033 1367 1070 hoc

188 1092 392 1123 crescente
412 1092 568 1124 aestate
586 1087 818 1124 vermiculos
836 1089 943 1123 nasci
961 1086 1085 1124 tradit
1103 1100 1200 1136 quos
1218 1086 1367 1137 pyxide

188 1139 369 1177 conditos
398 1140 604 1190 adalligari
633 1154 723 1177 cum
753 1154 855 1190 pane
885 1140 1067 1177 bracchio
1096 1141 1146 1177 ab
1177 1153 1225 1177 ea
1253 1146 1367 1190 parte

190 1206 269 1243 qua
288 1193 386 1230 dens
408 1193 557 1237 doleat,
577 1197 757 1243 mireque
777 1193 866 1230 ilico
887 1193 1063 1230 dolorem
1084 1193 1183 1230 tolli.
1236 1193 1367 1230 valere

189 1260 269 1284 non
286 1247 435 1284 diutius
453 1260 557 1283 anno
576 1253 617 1284 et
635 1250 693 1284 ita
710 1250 741 1284 si
758 1253 907 1284 terram
925 1261 1004 1284 non
1022 1247 1252 1297 adtigerint.

121 1304 163 1335 90
237 1299 388 1336 LXIII.
418 1300 567 1337 Holcus
607 1303 647 1337 in
688 1303 791 1337 saxis
832 1303 1007 1338 nascitur
1046 1303 1167 1337 siccis.
1222 1302 1363 1337 aristas

188 1353 313 1390 habet
350 1356 391 1390 in
428 1356 646 1397 cacumine,
684 1356 798 1390 tenui
836 1354 979 1397 culmo,
1018 1353 1134 1403 quale
1171 1353 1366 1390 hordeum

189 1406 378 1444 restibile.
432 1406 531 1444 haec
548 1410 649 1444 circa
664 1413 784 1457 caput
801 1407 965 1457 alligata
979 1407 1042 1444 vel
1057 1410 1159 1444 circa
1173 1407 1366 1444 lacertum

190 1460 324 1497 educit
364 1473 386 1497 e
425 1473 588 1510 corpore
627 1463 779 1498 aristas.
835 1460 997 1510 quidam
1036 1461 1087 1497 ob
1125 1460 1166 1497 id
1204 1460 1366 1497 aristida

191 1519 345 1550 vocant.

241 1566 382 1603 LXIV.
413 1566 602 1617 Hyoseris
622 1567 764 1604 intubo
784 1567 933 1611 similis,
954 1566 1025 1604 sed
1043 1569 1171 1603 minor
1192 1572 1234 1604 et
1253 1572 1365 1604 tactu

189 1623 375 1670 asperior,
396 1620 619 1657 volneribus
640 1626 807 1658 contusa
825 1620 1026 1670 praeclare
1046 1620 1243 1657 medetur.

244 1719 255 1737 1
279 1720 461 1760 incipiente
482 1719 571 1750 codd.
589 1732 595 1750 :
631 1720 829 1760 incipientes
849 1720 1013 1760 Mayhoff,
1036 1719 1092 1760 qui
1112 1719 1233 1759 confert
1253 1719 1363 1751 Diose.

196 1761 258 1793 III
279 1765 342 1795 140
363 1763 461 1804 ἀρχὰς
478 1762 645 1797 λιθιάσεως
662 1767 903 1803 παραιτοῦνται.

235 1924 249 1939 ⁰
271 1920 342 1951 The
362 1921 580 1952 emendation
600 1920 639 1951 of
654 1920 817 1961 Mayhoff,
838 1920 969 1961 though
990 1931 1069 1961 easy
1090 1920 1158 1951 and
1178 1920 1362 1961 ingenious,

190 1965 218 1995 is
245 1968 306 1995 not
334 1974 521 2004 necessary,
552 1963 604 1994 for
633 1963 691 1994 the
720 1974 861 2004 passage
890 1964 924 1994 in
953 1963 1166 1994 Dioscorides
1194 1963 1222 1994 is
1250 1962 1365 1994 rather

190 2017 299 2047 vague
318 2007 386 2038 and
405 2006 521 2037 makes
540 2017 584 2037 no
603 2007 755 2038 mention
775 2006 813 2037 of
827 2010 1018 2047 strangury.

187 2080 255 2113 442
