1459 2288
123 496 160 526 41

389 67 584 104 PLINY:
630 66 894 103 NATURAL
928 65 1163 102 HISTORY

187 171 267 208 adl
294 171 398 207 hunc
425 169 587 207 modum
614 169 858 205 medicorum
886 181 1003 204 nemo
1030 171 1150 204 novit.
1206 167 1271 204 ille
1299 181 1364 204 eas

187 235 323 272 volvae
359 248 448 271 cum
484 233 602 270 melle
638 232 701 269 vel
736 245 895 269 rosaceo
932 231 993 268 vel
1029 234 1126 268 irino
1163 231 1224 268 vel
1260 231 1366 268 lilino

188 299 376 342 admovit,
393 301 491 335 item
510 297 559 334 ad
577 296 735 333 ciendos
754 309 909 332 menses
927 295 1211 345 secundasque.
1261 295 1365 332 idem

187 368 389 413 praestare
434 367 532 411 potu
576 359 743 410 fotuque
787 360 901 396 dixit.
955 358 1163 396 instillavit
1207 360 1366 396 auribus

188 427 301 463 olidis
318 426 332 448 2
382 439 530 462 sucum.
585 423 704 461 suco³
750 425 908 460 inunxit
957 437 1046 460 cum
1093 426 1182 460 vino
1233 429 1367 460 vetere

193 491 354 527 alvum.⁴
410 488 503 525 folia
518 491 691 538 inposuit
713 487 920 537 epiphoris.
975 489 1222 537 stranguriae
1243 492 1285 524 et
1304 500 1367 524 ve—

189 557 274 591 sicis
301 554 510 591 decoctum
537 555 620 589 eius
646 552 759 589 dedit
785 565 875 588 curn
900 564 1033 588 murra
1059 557 1101 588 et
1126 557 1226 588 ture.
1282 551 1368 588 alvo

190 618 351 668 quidem
373 617 585 654 solvendae
608 616 671 653 vel
691 618 731 652 in
753 614 853 652 febri
876 615 1122 665 decoquatur
1137 614 1152 637 5
1173 621 1368 664 quantum

189 696 329 719 manus
352 684 483 731 capiat
505 683 545 717 in
568 680 722 717 duobus
746 682 927 716 sextariis
951 692 1078 728 aquae
1102 678 1152 716 ad
1174 678 1366 715 dimidias.

189 747 338 783 bibitur
365 745 446 782 sale
475 751 516 782 et
543 744 663 781 melle
693 744 871 780 admixto
898 756 972 780 nec
999 756 1077 780 non
1105 756 1194 779 cum
1223 742 1371 793 ungula

190 813 268 847 suis
297 816 366 846 aut
394 809 615 859 gallinaceo
644 806 838 845 decoctass
866 807 1070 844 salubrius.
1126 808 1369 857 purgationis

190 888 307 911 causa
327 879 519 923 putavere
540 872 662 921 aliqui
682 877 893 921 utramque
913 870 1085 907 dandam
1107 883 1176 920 per
1195 883 1237 907 se
1256 873 1337 907 sive
1354 870 1368 893 ⁷

191 952 280 975 cum
319 937 450 974 malva
488 933 727 973 decoctam.8
781 935 985 972 thoracem
1024 940 1210 985 purgant,
1249 934 1369 971 bilem

191 1002 422 1045 detrahunt,
456 1001 526 1037 sed
559 999 809 1037 stomachum
842 999 1020 1036 laedunt.
1076 998 1246 1048 reliquos
1280 1012 1370 1035 usus

191 1067 366 1103 dicemus
384 1067 461 1102 suis
478 1064 583 1101 locis.

244 1168 255 1186 ¹
279 1167 324 1198 ad
339 1166 367 1197 E
385 1166 453 1198 cod.
469 1176 501 1203 a,
517 1165 614 1205 vulq„
630 1164 793 1205 Detlessen
809 1176 815 1194 :
845 1167 882 1195 at
897 1168 954 1195 vel.
972 1163 1062 1201 Dal„
1081 1163 1240 1204 Maylwff.

242 1210 254 1228 ²
278 1209 376 1240 olidis
405 1208 525 1246 Gelen.,
555 1207 728 1247 Detlefsen,
759 1206 932 1247 Illaylzoff:
976 1206 1090 1237 solidis
1119 1206 1148 1237 E
1176 1217 1218 1237 a:
1261 1206 1370 1238 surdis

198 1253 406 1326 Duff-sucum·
442 1305 522 1325 suco
555 1304 626 1334 eqo:
674 1303 754 1324 suco
787 1293 851 1324 duo
884 1292 984 1329 codd„
1022 1292 1202 1332 Detlefsen:
1253 1302 1370 1323 sucum

198 1337 520 1420 wgqglglffllffiflfv-vn)
537 1390 591 1420 eqo
606 1392 613 1410 :
643 1378 721 1410 alvo
738 1382 795 1409 aut
811 1378 888 1409 albo
904 1378 992 1409 codd.

245 1424 257 1442 ⁵
281 1424 492 1464 decoquatur
515 1423 543 1453 E
567 1433 598 1459 a,
621 1421 718 1462 ἰω-[9..
736 1421 917 1461 Detlefsen:
943 1421 1145 1462 decoquitur
1169 1420 1369 1457 Basileensis

199 1467 308 1504 editio,
328 1466 489 1506 Mayhoff.

244 1511 257 1529 ⁵
281 1510 423 1541 decocta
436 1512 492 1539 vet.
508 1508 596 1545 Dal„
612 1507 721 1545 Silliq.
738 1506 894 1547 Maylzoff
905 1519 911 1537 ε
939 1507 1099 1538 decoctae
1114 1506 1142 1537 Ε
1158 1519 1164 1536 :
1192 1506 1371 1537 decoctum

201 1552 283 1593 vulq.
302 1565 308 1583 2
338 1553 486 1583 mixtum
503 1551 571 1583 cod.
589 1561 620 1587 a,
637 1549 809 1590 Detlessen.

247 1597 259 1615 ⁷
283 1606 342 1636 per
358 1605 393 1626 se
409 1595 480 1625 sive
496 1598 552 1625 vet.
571 1593 646 1624 Dal.
664 1605 671 1624 z
708 1594 779 1624 sive
794 1592 896 1630 codd„
913 1592 1009 1633 vuly„
1027 1591 1113 1623 edd.:
1145 1593 1179 1623 in
1196 1591 1270 1622 cibo
1287 1592 1371 1623 coni.

200 1637 459 1712 Mlgydlg'ffictam
496 1683 552 1711 ret.
591 1678 679 1716 Dal„
718 1678 875 1718 Mayhoff
884 1691 891 1708 :
938 1678 1081 1709 decocta
1116 1688 1147 1715 a,
1185 1677 1347 1718 Declefsen
1363 1690 1369 1707 :

201 1725 381 1755 decoctum
398 1723 426 1753 E
443 1722 526 1762 vulg).

240 1892 254 1906 ⁶
276 1887 372 1920 With
393 1886 453 1918 the
474 1886 613 1927 reading
635 1889 690 1917 at:
727 1884 746 1896 “
761 1884 825 1915 but
851 1894 896 1915 no
918 1883 1057 1916 medical
1082 1894 1161 1915 man
1186 1884 1371 1924 reoognises

198 1941 273 1963 now
289 1931 357 1962 this
372 1929 514 1961 method
529 1929 567 1960 of
579 1927 800 1960 treatment.''

198 1993 264 2028 166
