1459 2288
399 163 593 200 PLINY:
639 164 902 201 NATURAL
936 164 1172 202 HISTORY

130 275 170 305 57
197 268 337 305 soluta.
392 267 576 303 XXXVI.
607 273 649 303 et
669 267 894 317 nymphaea
912 271 953 303 in
972 270 1062 304 vino
1082 275 1240 305 austero
1259 268 1376 304 solvit

198 345 239 375 et
252 350 538 388 pycnocomon,
553 350 694 374 erucae
709 336 811 373 foliis
825 338 1077 374 crassioribus
1093 344 1134 374 et
1148 338 1373 381 acrioribus,

198 408 328 444 radice
367 407 539 444 rotunda
576 407 672 443 lutei
712 407 849 443 coloris
888 413 1036 444 terram
1074 407 1223 451 olente,
1261 407 1373 444 caule

197 477 498 527 quadriangulo,
525 477 693 521 modico,
720 480 846 521 tenui,
873 476 967 514 flore
995 480 1121 514 ocimi.
1176 480 1376 514 invenitur

196 551 236 584 in
274 550 421 584 saxosis
455 547 559 584 locis.
615 547 725 583 radix
766 550 848 584 eius
886 550 926 583 in
965 561 1069 597 aqua
1105 547 1232 584 mulsa
1273 555 1302 580 ᾗ
1345 560 1373 584 11

197 617 372 667 pondere
408 623 450 653 et
485 617 614 654 alvum
651 623 693 653 et
727 617 847 654 bilem
883 623 924 654 et
959 620 1146 667 pituitam
1183 620 1372 654 exinanit.

196 701 333 724 semen
355 690 506 724 somnia
528 687 775 724 tumultuosa
797 687 892 724 facit
914 701 993 724 una
1014 687 1203 724 drachma
1223 690 1262 723 in
1286 690 1374 723 vino

197 764 348 807 potum.
405 764 446 794 et
467 771 612 806 capnos
626 758 641 780 1
662 757 831 794 trunca2
853 757 1029 794 detrahit
1051 757 1184 794 bilem.

129 834 169 864 58
246 827 452 864 XXXVII.
484 826 691 877 Polypodi‚
716 841 835 877 quam
860 831 983 864 nostri
1009 827 1192 864 filiculam
1218 834 1374 871 vocant,

195 897 329 934 similis
358 898 480 941 filicis,
508 897 619 934 radix
646 900 686 934 in
714 911 799 941 usu,
826 898 963 947 pilosa,
991 898 1128 934 coloris
1154 900 1261 934 intus
1288 898 1375 934 her-

196 969 320 1011 bacei,
337 967 598 1004 crassitudine
614 967 730 1017 digiti
746 971 911 1012 minimi,
928 967 1146 1004 acetabulis
1162 981 1375 1004 cavernosa

195 1051 267 1075 ceu
290 1037 526 1088 polyporum
549 1040 649 1081 cirri,
672 1038 886 1081 subdulcis‚
908 1040 948 1074 in
971 1040 1093 1087 petris
1116 1051 1281 1074 nascens
1305 1044 1374 1074 aut

197 1108 269 1144 sub
322 1109 525 1144 arboribus
578 1110 757 1145 vetustis.
815 1111 1050 1158 exprimitur
1100 1122 1214 1145 sucus
1267 1121 1375 1158 aqua

195 1178 461 1222 madefactae,
485 1184 527 1215 et
549 1181 634 1227 ipsa
656 1181 810 1215 minute
834 1181 988 1215 concisa
1010 1181 1253 1228 inspergitur
1278 1177 1372 1215 oleri

196 1248 258 1284 vel
272 1248 393 1285 betae
410 1248 472 1284 vel
488 1248 642 1284 malvae
661 1248 723 1284 vel
740 1248 980 1285 salsamento
997 1255 1067 1285 aut
1080 1262 1169 1285 cum
1182 1248 1374 1298 pulticula

194 1321 377 1367 coquitur
408 1318 457 1354 ad
489 1318 620 1354 alvum
651 1318 713 1354 vel
743 1321 783 1354 in
814 1317 915 1354 febri
946 1318 1091 1355 leniter
1121 1318 1366 1355 solvendam.

193 1387 370 1425 detrahit
411 1388 532 1425 bilem
575 1394 617 1425 et
658 1391 859 1438 pituitam,
902 1388 1150 1425 stomachum
1193 1388 1370 1425 offendit.

194 1458 327 1495 aridae
373 1457 499 1495 farina
544 1458 671 1495 indita
715 1459 874 1495 naribus
919 1459 1110 1508 polypum
1156 1461 1363 1495 consumit.

194 1527 330 1564 florem
353 1535 395 1565 et
416 1541 553 1565 semen
575 1542 653 1565 non
676 1528 765 1565 fert.

245 1624 255 1641 ¹
280 1627 314 1654 et
339 1633 463 1664 capnos
489 1623 551 1660 Vd,
577 1623 733 1663 Mayhosf
744 1635 750 1653 :
781 1626 817 1654 et
840 1633 958 1654 carnos
983 1623 1011 1653 E
1030 1633 1067 1653 r:
1098 1623 1241 1654 discutit
1264 1634 1370 1664 panos

198 1666 399 1740 Degletzsdryica
416 1709 533 1745 Ianus,
552 1709 708 1749 Maylzosf
716 1721 722 1739 z
747 1712 878 1739 struma
895 1709 936 1740 d:
961 1712 1127 1740 strumam
1147 1709 1174 1739 V
1188 1709 1367 1749 Detlefsen:

199 1752 441 1825 tru'Eg-'lil'nde
463 1751 619 1792 Mayhoff
636 1762 693 1782 esu
715 1752 798 1783 coni.
815 1752 886 1782 XX
908 1753 970 1784 178
991 1752 1124 1783 collato:
1155 1762 1214 1792 per
1236 1753 1365 1783 urinam

197 1805 281 1825 com.
330 1806 339 1825 ι
369 1805 408 1834 ις).

238 1948 251 1961 ‘²
275 1943 487 1974 Dioscorides
505 1943 565 1973 has
583 1942 695 1982 δριμέα
713 1942 786 1981 (IV.
808 1944 891 1981 174).

240 1986 252 2005 ὓ
276 1985 426 2025 Perhaps
448 1985 672 2024 deliberately
694 1985 838 2016 induced
860 1986 912 2016 for
934 1985 1123 2025 diagnostic
1144 1995 1308 2026 purposes
1330 1996 1366 2016 as

196 2029 239 2070 by
257 2029 314 2059 the
335 2029 405 2060 cuit
421 2028 459 2059 of
473 2029 704 2069 Aesculapius.
752 2028 821 2059 'the
838 2033 920 2059 next
939 2036 1097 2059 sentence
1120 2030 1148 2059 is
1171 2032 1309 2069 corrupt
1333 2030 1365 2059 in

189 2094 259 2142 306
