<?xml version="1.0" encoding="UTF-8"?>
<!DOCTYPE html PUBLIC "-//W3C//DTD XHTML 1.0 Transitional//EN"
    "http://www.w3.org/TR/xhtml1/DTD/xhtml1-transitional.dtd">
<html xmlns="http://www.w3.org/1999/xhtml" xml:lang="en" lang="en">
 <head>
  <title>
</title>
<meta http-equiv="Content-Type" content="text/html;charset=utf-8" />
  <meta name='ocr-system' content='tesseract 3.04.00' />
  <meta name='ocr-capabilities' content='ocr_page ocr_carea ocr_par ocr_line ocrx_word'/>
</head>
<body>
  <div class='ocr_page' id='page_1' title='image "./naturalhistory07plinuoft_0200.png"; bbox 0 0 1459 2288; ppageno 0'>
   <div class='ocr_carea' id='block_1_1' title="bbox 110 452 150 482">
    <p class='ocr_par' dir='ltr' id='par_1_1' title="bbox 110 452 150 482">
     <span class='ocr_line' id='line_1_1' title="bbox 110 452 150 482; baseline 0 0"><span class='ocrx_word' id='word_1_1' title='bbox 110 452 150 482; x_wconf 82' lang='lat'>60</span> 
     </span>
    </p>
   </div>
   <div class='ocr_carea' id='block_1_2' title="bbox 110 876 148 907">
    <p class='ocr_par' dir='ltr' id='par_1_2' title="bbox 110 876 148 907">
     <span class='ocr_line' id='line_1_2' title="bbox 110 876 148 907; baseline -0.026 0"><span class='ocrx_word' id='word_1_2' title='bbox 110 876 148 907; x_wconf 85' lang='lat'>61</span> 
     </span>
    </p>
   </div>
   <div class='ocr_carea' id='block_1_3' title="bbox 374 130 1151 168">
    <p class='ocr_par' dir='ltr' id='par_1_3' title="bbox 374 130 1151 168">
     <span class='ocr_line' id='line_1_3' title="bbox 374 130 1151 168; baseline 0 -1"><span class='ocrx_word' id='word_1_3' title='bbox 374 130 569 168; x_wconf 76' lang='lat' dir='ltr'>PLINY:</span> <span class='ocrx_word' id='word_1_4' title='bbox 615 130 880 168; x_wconf 88' lang='lat' dir='ltr'>NATURAL</span> <span class='ocrx_word' id='word_1_5' title='bbox 914 130 1151 167; x_wconf 88' lang='lat' dir='ltr'><strong>HISTORY</strong></span> 
     </span>
    </p>
   </div>
   <div class='ocr_carea' id='block_1_4' title="bbox 175 232 1357 1397">
    <p class='ocr_par' dir='ltr' id='par_1_4' title="bbox 175 232 1356 854">
     <span class='ocr_line' id='line_1_4' title="bbox 180 232 1356 282; baseline -0.002 -12"><span class='ocrx_word' id='word_1_6' title='bbox 180 234 284 271; x_wconf 87' lang='lat' dir='ltr'>dulci</span> <span class='ocrx_word' id='word_1_7' title='bbox 307 234 437 275; x_wconf 81' lang='lat' dir='ltr'>datur,</span> <span class='ocrx_word' id='word_1_8' title='bbox 456 235 660 282; x_wconf 79' lang='lat' dir='ltr'>aptissime</span> <span class='ocrx_word' id='word_1_9' title='bbox 683 245 774 268; x_wconf 82' lang='lat' dir='ltr'>vero</span> <span class='ocrx_word' id='word_1_10' title='bbox 789 235 830 268; x_wconf 93' lang='lat' dir='ltr'>in</span> <span class='ocrx_word' id='word_1_11' title='bbox 845 232 954 269; x_wconf 89' lang='lat' dir='ltr'>lente</span> <span class='ocrx_word' id='word_1_12' title='bbox 971 232 1048 269; x_wconf 89' lang='lat' dir='ltr'>and</span> <span class='ocrx_word' id='word_1_13' title='bbox 1065 232 1189 282; x_wconf 86' lang='lat' dir='ltr'>pulte.</span> <span class='ocrx_word' id='word_1_14' title='bbox 1230 245 1356 282; x_wconf 86' lang='lat' dir='ltr'>nuper</span> 
     </span>
     <span class='ocr_line' id='line_1_5' title="bbox 175 285 1355 334; baseline -0.001 -11"><span class='ocrx_word' id='word_1_15' title='bbox 175 290 363 323; x_wconf 79' lang='lat' dir='ltr'>invenere</span> <span class='ocrx_word' id='word_1_16' title='bbox 415 287 594 323; x_wconf 72' lang='lat' dir='ltr'>dissectis</span> <span class='ocrx_word' id='word_1_17' title='bbox 646 285 831 334; x_wconf 88' lang='lat' dir='ltr'>raphanis</span> <span class='ocrx_word' id='word_1_18' title='bbox 882 288 1055 322; x_wconf 84' lang='lat' dir='ltr'>inserere</span> <span class='ocrx_word' id='word_1_19' title='bbox 1107 285 1355 322; x_wconf 73' lang='lat' dir='ltr'>helleborum</span> 
     </span>
     <span class='ocr_line' id='line_1_6' title="bbox 176 339 1354 389; baseline -0.002 -13"><span class='ocrx_word' id='word_1_20' title='bbox 176 352 388 389; x_wconf 78' lang='lat' dir='ltr'>rursusque</span> <span class='ocrx_word' id='word_1_21' title='bbox 405 342 650 388; x_wconf 82' lang='lat' dir='ltr'>conprimere</span> <span class='ocrx_word' id='word_1_22' title='bbox 667 339 875 388; x_wconf 80' lang='lat' dir='ltr'>raphanos,</span> <span class='ocrx_word' id='word_1_23' title='bbox 892 344 937 375; x_wconf 87' lang='lat' dir='ltr'>ut</span> <span class='ocrx_word' id='word_1_24' title='bbox 951 344 1131 375; x_wconf 87' lang='lat' dir='ltr'>transeat</span> <span class='ocrx_word' id='word_1_25' title='bbox 1146 341 1216 382; x_wconf 87' lang='lat' dir='ltr'>vis,</span> <span class='ocrx_word' id='word_1_26' title='bbox 1233 345 1354 388; x_wconf 89' lang='lat' dir='ltr'>atque</span> 
     </span>
     <span class='ocr_line' id='line_1_7' title="bbox 176 391 1354 441; baseline -0.001 -12"><span class='ocrx_word' id='word_1_27' title='bbox 176 393 395 429; x_wconf 87' lang='lat' dir='ltr'>lenimento</span> <span class='ocrx_word' id='word_1_28' title='bbox 437 392 544 428; x_wconf 89' lang='lat' dir='ltr'>dare.</span> <span class='ocrx_word' id='word_1_29' title='bbox 598 392 711 428; x_wconf 86' lang='lat' dir='ltr'>reddi</span> <span class='ocrx_word' id='word_1_30' title='bbox 754 398 843 441; x_wconf 91' lang='lat' dir='ltr'>post</span> <span class='ocrx_word' id='word_1_31' title='bbox 885 397 1074 441; x_wconf 86' lang='lat' dir='ltr'>quattuor</span> <span class='ocrx_word' id='word_1_32' title='bbox 1115 391 1199 428; x_wconf 84' lang='lat' dir='ltr'>fere</span> <span class='ocrx_word' id='word_1_33' title='bbox 1240 391 1354 428; x_wconf 89' lang='lat' dir='ltr'>horas</span> 
     </span>
     <span class='ocr_line' id='line_1_8' title="bbox 177 444 1355 495; baseline -0.002 -13"><span class='ocrx_word' id='word_1_34' title='bbox 177 449 325 495; x_wconf 84' lang='lat' dir='ltr'>incipit.</span> <span class='ocrx_word' id='word_1_35' title='bbox 381 452 511 482; x_wconf 87' lang='lat' dir='ltr'>totum</span> <span class='ocrx_word' id='word_1_36' title='bbox 529 458 626 494; x_wconf 88' lang='lat' dir='ltr'>opus</span> <span class='ocrx_word' id='word_1_37' title='bbox 644 447 819 494; x_wconf 75' lang='lat' dir='ltr'>septenis</span> <span class='ocrx_word' id='word_1_38' title='bbox 836 447 1040 494; x_wconf 77' lang='lat' dir='ltr'>peragitur</span> <span class='ocrx_word' id='word_1_39' title='bbox 1056 444 1172 481; x_wconf 85' lang='lat' dir='ltr'>horis.</span> <span class='ocrx_word' id='word_1_40' title='bbox 1220 445 1355 481; x_wconf 92' lang='lat' dir='ltr'>mede-</span> 
     </span>
     <span class='ocr_line' id='line_1_9' title="bbox 176 498 1354 548; baseline -0.001 -13"><span class='ocrx_word' id='word_1_41' title='bbox 176 506 241 536; x_wconf 89' lang='lat' dir='ltr'>tur</span> <span class='ocrx_word' id='word_1_42' title='bbox 276 501 332 535; x_wconf 86' lang='lat' dir='ltr'>ita</span> <span class='ocrx_word' id='word_1_43' title='bbox 366 499 512 535; x_wconf 84' lang='lat' dir='ltr'>morbis</span> <span class='ocrx_word' id='word_1_44' title='bbox 547 498 824 541; x_wconf 83' lang='lat' dir='ltr'>comitialibus,</span> <span class='ocrx_word' id='word_1_45' title='bbox 859 504 904 534; x_wconf 90' lang='lat' dir='ltr'>ut</span> <span class='ocrx_word' id='word_1_46' title='bbox 938 498 1122 540; x_wconf 86' lang='lat' dir='ltr'>diximus,</span> <span class='ocrx_word' id='word_1_47' title='bbox 1157 501 1354 548; x_wconf 82' lang='lat' dir='ltr'>vertigini,</span> 
     </span>
     <span class='ocr_line' id='line_1_10' title="bbox 176 550 1355 601; baseline -0.001 -13"><span class='ocrx_word' id='word_1_48' title='bbox 176 551 485 594; x_wconf 80' lang='lat' dir='ltr'>melancholicis,</span> <span class='ocrx_word' id='word_1_49' title='bbox 510 552 812 594; x_wconf 85' lang='lat' dir='ltr'>insanientibus,</span> <span class='ocrx_word' id='word_1_50' title='bbox 837 550 1066 601; x_wconf 87' lang='lat' dir='ltr'>lymphatis,</span> <span class='ocrx_word' id='word_1_51' title='bbox 1093 550 1355 600; x_wconf 89' lang='lat' dir='ltr'>elephantiasi</span> 
     </span>
     <span class='ocr_line' id='line_1_11' title="bbox 177 604 1356 654; baseline -0.001 -13"><span class='ocrx_word' id='word_1_52' title='bbox 177 605 306 648; x_wconf 84' lang='lat' dir='ltr'>albae,</span> <span class='ocrx_word' id='word_1_53' title='bbox 329 605 460 654; x_wconf 80' lang='lat' dir='ltr'>lepris,</span> <span class='ocrx_word' id='word_1_54' title='bbox 483 610 636 647; x_wconf 88' lang='lat' dir='ltr'>tetano,</span> <span class='ocrx_word' id='word_1_55' title='bbox 659 604 852 647; x_wconf 88' lang='lat' dir='ltr'>tremulis,</span> <span class='ocrx_word' id='word_1_56' title='bbox 875 604 1109 654; x_wconf 85' lang='lat' dir='ltr'>podagricis,</span> <span class='ocrx_word' id='word_1_57' title='bbox 1131 604 1356 654; x_wconf 80' lang='lat' dir='ltr'>hydropicis</span> 
     </span>
     <span class='ocr_line' id='line_1_12' title="bbox 177 657 1355 707; baseline -0.001 -13"><span class='ocrx_word' id='word_1_58' title='bbox 177 659 539 707; x_wconf 88' lang='lat' dir='ltr'>incipientibusque</span> <span class='ocrx_word' id='word_1_59' title='bbox 580 660 832 707; x_wconf 77' lang='lat' dir='ltr'>tympanicis,</span> <span class='ocrx_word' id='word_1_60' title='bbox 873 657 1135 700; x_wconf 85' lang='lat' dir='ltr'>stomachicis,</span> <span class='ocrx_word' id='word_1_61' title='bbox 1177 659 1355 706; x_wconf 87' lang='lat' dir='ltr'>spasticis</span> 
     </span>
     <span class='ocr_line' id='line_1_13' title="bbox 176 710 1356 762; baseline -0.002 -14"><span class='ocrx_word' id='word_1_62' title='bbox 176 714 335 762; x_wconf 75' lang='lat' dir='ltr'>cynicis,</span> <span class='ocrx_word' id='word_1_63' title='bbox 364 710 597 754; x_wconf 87' lang='lat' dir='ltr'>ischiadicis,</span> <span class='ocrx_word' id='word_1_64' title='bbox 626 713 843 759; x_wconf 83' lang='lat' dir='ltr'>quartanis,</span> <span class='ocrx_word' id='word_1_65' title='bbox 873 723 975 760; x_wconf 83' lang='lat' dir='ltr'>quae</span> <span class='ocrx_word' id='word_1_66' title='bbox 1005 710 1120 746; x_wconf 89' lang='lat' dir='ltr'>aliter</span> <span class='ocrx_word' id='word_1_67' title='bbox 1148 724 1227 747; x_wconf 91' lang='lat' dir='ltr'>non</span> <span class='ocrx_word' id='word_1_68' title='bbox 1255 710 1356 747; x_wconf 89' lang='lat' dir='ltr'>desi-</span> 
     </span>
     <span class='ocr_line' id='line_1_14' title="bbox 177 763 1356 807; baseline -0.001 -6"><span class='ocrx_word' id='word_1_69' title='bbox 177 771 288 807; x_wconf 83' lang='lat' dir='ltr'>nant,</span> <span class='ocrx_word' id='word_1_70' title='bbox 317 766 415 801; x_wconf 89' lang='lat' dir='ltr'>tussi</span> <span class='ocrx_word' id='word_1_71' title='bbox 445 766 583 807; x_wconf 82' lang='lat' dir='ltr'>veteri,</span> <span class='ocrx_word' id='word_1_72' title='bbox 612 763 895 807; x_wconf 86' lang='lat' dir='ltr'>inflationibus,</span> <span class='ocrx_word' id='word_1_73' title='bbox 923 764 1159 800; x_wconf 82' lang='lat' dir='ltr'>torminibus</span> <span class='ocrx_word' id='word_1_74' title='bbox 1187 763 1356 800; x_wconf 85' lang='lat' dir='ltr'>redeun-</span> 
     </span>
     <span class='ocr_line' id='line_1_15' title="bbox 176 819 293 854; baseline -0.009 0"><span class='ocrx_word' id='word_1_75' title='bbox 176 819 293 854; x_wconf 84' lang='lat' dir='ltr'>tibus.</span> 
     </span>
    </p>

    <p class='ocr_par' dir='ltr' id='par_1_5' title="bbox 176 869 1357 1397">
     <span class='ocr_line' id='line_1_16' title="bbox 227 869 1356 919; baseline 0 -13"><span class='ocrx_word' id='word_1_76' title='bbox 227 871 350 906; x_wconf 81' lang='lat' dir='ltr'>XXV.</span> <span class='ocrx_word' id='word_1_77' title='bbox 381 870 531 906; x_wconf 80' lang='lat' dir='ltr'>Vetant</span> <span class='ocrx_word' id='word_1_78' title='bbox 557 870 641 906; x_wconf 86' lang='lat' dir='ltr'>dari</span> <span class='ocrx_word' id='word_1_79' title='bbox 666 871 839 913; x_wconf 89' lang='lat' dir='ltr'>senibus,</span> <span class='ocrx_word' id='word_1_80' title='bbox 864 872 1009 919; x_wconf 89' lang='lat' dir='ltr'>pueris,</span> <span class='ocrx_word' id='word_1_81' title='bbox 1034 872 1133 906; x_wconf 89' lang='lat' dir='ltr'>item</span> <span class='ocrx_word' id='word_1_82' title='bbox 1157 869 1286 906; x_wconf 91' lang='lat' dir='ltr'>mollis</span> <span class='ocrx_word' id='word_1_83' title='bbox 1312 883 1356 906; x_wconf 90' lang='lat' dir='ltr'>ac</span> 
     </span>
     <span class='ocr_line' id='line_1_17' title="bbox 177 923 1357 972; baseline -0.001 -12"><span class='ocrx_word' id='word_1_84' title='bbox 177 923 338 960; x_wconf 88' lang='lat' dir='ltr'>feminei</span> <span class='ocrx_word' id='word_1_85' title='bbox 376 926 546 972; x_wconf 88' lang='lat' dir='ltr'>corporis</span> <span class='ocrx_word' id='word_1_86' title='bbox 584 925 767 966; x_wconf 80' lang='lat' dir='ltr'>animive,</span> <span class='ocrx_word' id='word_1_87' title='bbox 805 923 973 959; x_wconf 85' lang='lat' dir='ltr'>exilibus</span> <span class='ocrx_word' id='word_1_88' title='bbox 1010 929 1080 959; x_wconf 86' lang='lat' dir='ltr'>aut</span> <span class='ocrx_word' id='word_1_89' title='bbox 1116 926 1277 967; x_wconf 82' lang='lat' dir='ltr'>teneris,</span> <span class='ocrx_word' id='word_1_90' title='bbox 1315 929 1357 959; x_wconf 88' lang='lat' dir='ltr'>et</span> 
     </span>
     <span class='ocr_line' id='line_1_18' title="bbox 177 975 1357 1025; baseline -0.001 -12"><span class='ocrx_word' id='word_1_91' title='bbox 177 976 333 1013; x_wconf 85' lang='lat' dir='ltr'>feminis</span> <span class='ocrx_word' id='word_1_92' title='bbox 358 979 487 1012; x_wconf 89' lang='lat' dir='ltr'>minus</span> <span class='ocrx_word' id='word_1_93' title='bbox 513 989 633 1025; x_wconf 85' lang='lat' dir='ltr'>quam</span> <span class='ocrx_word' id='word_1_94' title='bbox 659 978 761 1019; x_wconf 77' lang='lat' dir='ltr'>viris,</span> <span class='ocrx_word' id='word_1_95' title='bbox 786 978 884 1013; x_wconf 91' lang='lat' dir='ltr'>item</span> <span class='ocrx_word' id='word_1_96' title='bbox 909 976 1071 1019; x_wconf 84' lang='lat' dir='ltr'>timidis,</span> <span class='ocrx_word' id='word_1_97' title='bbox 1097 982 1167 1013; x_wconf 88' lang='lat' dir='ltr'>aut</span> <span class='ocrx_word' id='word_1_98' title='bbox 1191 979 1223 1012; x_wconf 93' lang='lat' dir='ltr'>si</span> <span class='ocrx_word' id='word_1_99' title='bbox 1248 975 1357 1013; x_wconf 89' lang='lat' dir='ltr'>exul-</span> 
     </span>
     <span class='ocr_line' id='line_1_19' title="bbox 177 1029 1356 1079; baseline -0.001 -13"><span class='ocrx_word' id='word_1_100' title='bbox 177 1036 311 1066; x_wconf 86' lang='lat' dir='ltr'>cerata</span> <span class='ocrx_word' id='word_1_101' title='bbox 348 1032 427 1066; x_wconf 87' lang='lat' dir='ltr'>sint</span> <span class='ocrx_word' id='word_1_102' title='bbox 466 1029 695 1079; x_wconf 87' lang='lat' dir='ltr'>praecordia</span> <span class='ocrx_word' id='word_1_103' title='bbox 733 1029 795 1065; x_wconf 69' lang='lat' dir='ltr'>vel</span> <span class='ocrx_word' id='word_1_104' title='bbox 832 1035 1031 1072; x_wconf 88' lang='lat' dir='ltr'>tumeant,</span> <span class='ocrx_word' id='word_1_105' title='bbox 1068 1032 1231 1066; x_wconf 90' lang='lat' dir='ltr'>minime</span> <span class='ocrx_word' id='word_1_106' title='bbox 1269 1043 1356 1065; x_wconf 87' lang='lat' dir='ltr'>san-</span> 
     </span>
     <span class='ocr_line' id='line_1_20' title="bbox 176 1082 1354 1133; baseline 0 -15"><span class='ocrx_word' id='word_1_107' title='bbox 176 1086 339 1133; x_wconf 86' lang='lat' dir='ltr'>guinem</span> <span class='ocrx_word' id='word_1_108' title='bbox 384 1083 661 1119; x_wconf 73' lang='lat' dir='ltr'>excreantibus</span> <span class='ocrx_word' id='word_1_109' title='bbox 704 1085 938 1119; x_wconf 78' lang='lat' dir='ltr'>causariisve</span> <span class='ocrx_word' id='word_1_110' title='bbox 980 1082 1120 1126; x_wconf 89' lang='lat' dir='ltr'>latere,</span> <span class='ocrx_word' id='word_1_111' title='bbox 1162 1082 1354 1119; x_wconf 90' lang='lat' dir='ltr'>faucibus.</span> 
     </span>
     <span class='ocr_line' id='line_1_21' title="bbox 177 1136 1356 1185; baseline 0 -13"><span class='ocrx_word' id='word_1_112' title='bbox 177 1136 362 1173; x_wconf 88' lang='lat' dir='ltr'>medetur</span> <span class='ocrx_word' id='word_1_113' title='bbox 398 1142 512 1172; x_wconf 85' lang='lat' dir='ltr'>extra</span> <span class='ocrx_word' id='word_1_114' title='bbox 546 1138 716 1185; x_wconf 85' lang='lat' dir='ltr'>corporis</span> <span class='ocrx_word' id='word_1_115' title='bbox 753 1136 1025 1185; x_wconf 81' lang='lat' dir='ltr'>eruptionibus</span> <span class='ocrx_word' id='word_1_116' title='bbox 1060 1138 1231 1185; x_wconf 87' lang='lat' dir='ltr'>pituitae</span> <span class='ocrx_word' id='word_1_117' title='bbox 1265 1148 1356 1172; x_wconf 91' lang='lat' dir='ltr'>cum</span> 
     </span>
     <span class='ocr_line' id='line_1_22' title="bbox 177 1189 1354 1239; baseline -0.002 -13"><span class='ocrx_word' id='word_1_118' title='bbox 177 1192 351 1239; x_wconf 83' lang='lat' dir='ltr'>axungia</span> <span class='ocrx_word' id='word_1_119' title='bbox 384 1189 485 1225; x_wconf 89' lang='lat' dir='ltr'>salsa</span> <span class='ocrx_word' id='word_1_120' title='bbox 528 1189 716 1232; x_wconf 89' lang='lat' dir='ltr'>inlitum,1</span> <span class='ocrx_word' id='word_1_121' title='bbox 759 1191 856 1225; x_wconf 89' lang='lat' dir='ltr'>item</span> <span class='ocrx_word' id='word_1_122' title='bbox 900 1191 1174 1238; x_wconf 89' lang='lat' dir='ltr'>suppurationi</span> <span class='ocrx_word' id='word_1_123' title='bbox 1217 1191 1354 1225; x_wconf 82' lang='lat' dir='ltr'>veteri.</span> 
     </span>
     <span class='ocr_line' id='line_1_23' title="bbox 178 1242 1355 1292; baseline -0.001 -13"><span class='ocrx_word' id='word_1_124' title='bbox 178 1256 309 1279; x_wconf 88' lang='lat' dir='ltr'>mures</span> <span class='ocrx_word' id='word_1_125' title='bbox 338 1242 525 1292; x_wconf 86' lang='lat' dir='ltr'>polentae</span> <span class='ocrx_word' id='word_1_126' title='bbox 554 1243 777 1278; x_wconf 84' lang='lat' dir='ltr'>admixtum</span> <span class='ocrx_word' id='word_1_127' title='bbox 805 1248 934 1278; x_wconf 90' lang='lat' dir='ltr'>necat.</span> <span class='ocrx_word' id='word_1_128' title='bbox 989 1242 1095 1278; x_wconf 89' lang='lat' dir='ltr'>Galli</span> <span class='ocrx_word' id='word_1_129' title='bbox 1122 1244 1288 1292; x_wconf 84' lang='lat' dir='ltr'>sagittas</span> <span class='ocrx_word' id='word_1_130' title='bbox 1316 1244 1355 1278; x_wconf 92' lang='lat' dir='ltr'>in</span> 
     </span>
     <span class='ocr_line' id='line_1_24' title="bbox 177 1295 1355 1345; baseline -0.001 -13"><span class='ocrx_word' id='word_1_131' title='bbox 177 1302 325 1332; x_wconf 77' lang='lat' dir='ltr'>venatu</span> <span class='ocrx_word' id='word_1_132' title='bbox 373 1295 577 1332; x_wconf 87' lang='lat' dir='ltr'>helleboro</span> <span class='ocrx_word' id='word_1_133' title='bbox 626 1298 790 1345; x_wconf 84' lang='lat' dir='ltr'>tingunt</span> <span class='ocrx_word' id='word_1_134' title='bbox 837 1298 1145 1344; x_wconf 88' lang='lat' dir='ltr'>circumcisoque</span> <span class='ocrx_word' id='word_1_135' title='bbox 1194 1295 1355 1331; x_wconf 88' lang='lat' dir='ltr'>vulnere</span> 
     </span>
     <span class='ocr_line' id='line_1_25' title="bbox 179 1348 1355 1397; baseline -0.001 -11"><span class='ocrx_word' id='word_1_136' title='bbox 179 1352 419 1386; x_wconf 87' lang='lat' dir='ltr'>teneriorem</span> <span class='ocrx_word' id='word_1_137' title='bbox 446 1351 583 1385; x_wconf 83' lang='lat' dir='ltr'>sentiri</span> <span class='ocrx_word' id='word_1_138' title='bbox 610 1361 769 1384; x_wconf 87' lang='lat' dir='ltr'>carnem</span> <span class='ocrx_word' id='word_1_139' title='bbox 797 1348 1020 1385; x_wconf 83' lang='lat' dir='ltr'>adfirmant.</span> <span class='ocrx_word' id='word_1_140' title='bbox 1074 1361 1234 1385; x_wconf 88' lang='lat' dir='ltr'>muscae</span> <span class='ocrx_word' id='word_1_141' title='bbox 1261 1361 1355 1397; x_wconf 91' lang='lat' dir='ltr'>quo—</span> 
     </span>
    </p>
   </div>
   <div class='ocr_carea' id='block_1_5' title="bbox 182 1432 1355 1560">
    <p class='ocr_par' dir='ltr' id='par_1_6' title="bbox 182 1432 1355 1560">
     <span class='ocr_line' id='line_1_26' title="bbox 228 1432 1355 1474; baseline -0.001 -10"><span class='ocrx_word' id='word_1_142' title='bbox 228 1434 239 1452; x_wconf 81' lang='lat'>1</span> <span class='ocrx_word' id='word_1_143' title='bbox 262 1434 292 1464; x_wconf 82' lang='lat' dir='ltr'><em>A</em></span> <span class='ocrx_word' id='word_1_144' title='bbox 322 1433 426 1464; x_wconf 85' lang='lat' dir='ltr'>latere</span> <span class='ocrx_word' id='word_1_145' title='bbox 458 1443 556 1473; x_wconf 69' lang='lat' dir='ltr'>vsqve</span> <span class='ocrx_word' id='word_1_146' title='bbox 587 1433 629 1463; x_wconf 80' lang='lat' dir='ltr'>ad</span> <span class='ocrx_word' id='word_1_147' title='bbox 660 1432 795 1463; x_wconf 90' lang='lat' dir='ltr'>inlitum</span> <span class='ocrx_word' id='word_1_148' title='bbox 826 1433 873 1463; x_wconf 79' lang='lat' dir='ltr'>ita</span> <span class='ocrx_word' id='word_1_149' title='bbox 903 1433 1100 1474; x_wconf 73' lang='lat' dir='ltr'>distinqzzere</span> <span class='ocrx_word' id='word_1_150' title='bbox 1131 1437 1158 1464; x_wconf 75' lang='lat' dir='ltr'>et</span> <span class='ocrx_word' id='word_1_151' title='bbox 1188 1432 1355 1464; x_wconf 77' lang='lat' dir='ltr'>emendare</span> 
     </span>
     <span class='ocr_line' id='line_1_27' title="bbox 182 1475 1353 1516; baseline -0.002 -8"><span class='ocrx_word' id='word_1_152' title='bbox 182 1476 248 1508; x_wconf 66' lang='lat' dir='ltr'>vult</span> <span class='ocrx_word' id='word_1_153' title='bbox 292 1476 466 1516; x_wconf 76' lang='lat' dir='ltr'>Mayhoff:</span> <span class='ocrx_word' id='word_1_154' title='bbox 524 1475 639 1507; x_wconf 85' lang='lat' dir='ltr'>latere.</span> <span class='ocrx_word' id='word_1_155' title='bbox 686 1476 842 1507; x_wconf 81' lang='lat' dir='ltr'>faucibus</span> <span class='ocrx_word' id='word_1_156' title='bbox 885 1476 1041 1507; x_wconf 85' lang='lat' dir='ltr'>medetur</span> <span class='ocrx_word' id='word_1_157' title='bbox 1083 1480 1180 1507; x_wconf 79' lang='lat' dir='ltr'>extra</span> <span class='ocrx_word' id='word_1_158' title='bbox 1223 1476 1353 1516; x_wconf 88' lang='lat' dir='ltr'>corpori</span> 
     </span>
     <span class='ocr_line' id='line_1_28' title="bbox 183 1518 1323 1560; baseline -0.001 -10"><span class='ocrx_word' id='word_1_159' title='bbox 183 1520 381 1560; x_wconf 85' lang='lat' dir='ltr'>inpositum,</span> <span class='ocrx_word' id='word_1_160' title='bbox 399 1519 634 1559; x_wconf 81' lang='lat' dir='ltr'>eruptionibus</span> <span class='ocrx_word' id='word_1_161' title='bbox 650 1520 797 1560; x_wconf 83' lang='lat' dir='ltr'>pituitae</span> <span class='ocrx_word' id='word_1_162' title='bbox 814 1529 891 1550; x_wconf 90' lang='lat' dir='ltr'>cum</span> <span class='ocrx_word' id='word_1_163' title='bbox 908 1520 1056 1560; x_wconf 82' lang='lat' dir='ltr'>axungia</span> <span class='ocrx_word' id='word_1_164' title='bbox 1073 1519 1161 1550; x_wconf 84' lang='lat' dir='ltr'>salsa</span> <span class='ocrx_word' id='word_1_165' title='bbox 1177 1518 1323 1550; x_wconf 89' lang='lat' dir='ltr'>inJitum.</span> 
     </span>
    </p>
   </div>
   <div class='ocr_carea' id='block_1_6' title="bbox 189 1583 1342 1588">
    <p class='ocr_par' dir='ltr' id='par_1_7' title="bbox 189 1583 1342 1588">
     <span class='ocr_line' id='line_1_29' title="bbox 189 1583 1342 1588; baseline 0 0"><span class='ocrx_word' id='word_1_166' title='bbox 189 1583 1342 1588; x_wconf 95' lang='lat' dir='ltr'> </span> 
     </span>
    </p>
   </div>
   <div class='ocr_carea' id='block_1_7' title="bbox 179 1620 1355 2047">
    <p class='ocr_par' dir='ltr' id='par_1_8' title="bbox 179 1620 1355 1719">
     <span class='ocr_line' id='line_1_30' title="bbox 223 1620 1353 1662; baseline 0 -10"><span class='ocrx_word' id='word_1_167' title='bbox 223 1625 237 1639; x_wconf 77' lang='lat'><em>⁰</em></span> <span class='ocrx_word' id='word_1_168' title='bbox 261 1621 301 1652; x_wconf 91' lang='lat' dir='ltr'>In</span> <span class='ocrx_word' id='word_1_169' title='bbox 319 1622 333 1660; x_wconf 64' lang='grc' dir='ltr'><strong><em>ξ</em></strong></span> <span class='ocrx_word' id='word_1_170' title='bbox 349 1622 391 1652; x_wconf 82' lang='lat'>54</span> <span class='ocrx_word' id='word_1_171' title='bbox 406 1621 434 1651; x_wconf 88' lang='lat' dir='ltr'>it</span> <span class='ocrx_word' id='word_1_172' title='bbox 450 1621 477 1651; x_wconf 90' lang='lat' dir='ltr'>is</span> <span class='ocrx_word' id='word_1_173' title='bbox 490 1621 563 1651; x_wconf 84' lang='lat' dir='ltr'>said</span> <span class='ocrx_word' id='word_1_174' title='bbox 574 1620 651 1651; x_wconf 83' lang='lat' dir='ltr'>that</span> <span class='ocrx_word' id='word_1_175' title='bbox 669 1620 769 1651; x_wconf 69' lang='lat' dir='ltr'>blank</span> <span class='ocrx_word' id='word_1_176' title='bbox 785 1621 953 1652; x_wconf 78' lang='lat' dir='ltr'>hellebore</span> <span class='ocrx_word' id='word_1_177' title='bbox 968 1622 995 1652; x_wconf 87' lang='lat' dir='ltr'>is</span> <span class='ocrx_word' id='word_1_178' title='bbox 1009 1621 1198 1662; x_wconf 80' lang='lat' dir='ltr'>dangerous</span> <span class='ocrx_word' id='word_1_179' title='bbox 1214 1621 1243 1652; x_wconf 85' lang='lat' dir='ltr'>if</span> <span class='ocrx_word' id='word_1_180' title='bbox 1254 1622 1353 1662; x_wconf 82' lang='lat' dir='ltr'>given</span> 
     </span>
     <span class='ocr_line' id='line_1_31' title="bbox 179 1663 1355 1719; baseline 0.001 -25"><span class='ocrx_word' id='word_1_181' title='bbox 179 1664 346 1719; x_wconf 45' lang='lat' dir='ltr'>fppiosii&#39;tf</span> <span class='ocrx_word' id='word_1_182' title='bbox 362 1664 397 1694; x_wconf 82' lang='lat' dir='ltr'>in</span> <span class='ocrx_word' id='word_1_183' title='bbox 412 1663 572 1700; x_wconf 77' lang='lat' dir='ltr'>dulcibus,</span> <span class='ocrx_word' id='word_1_184' title='bbox 588 1674 625 1694; x_wconf 89' lang='lat' dir='ltr'>so</span> <span class='ocrx_word' id='word_1_185' title='bbox 639 1667 668 1694; x_wconf 76' lang='lat' dir='ltr'>et</span> <span class='ocrx_word' id='word_1_186' title='bbox 683 1664 711 1694; x_wconf 89' lang='lat' dir='ltr'>is</span> <span class='ocrx_word' id='word_1_187' title='bbox 725 1663 803 1695; x_wconf 86' lang='lat' dir='ltr'>here</span> <span class='ocrx_word' id='word_1_188' title='bbox 817 1664 984 1705; x_wconf 84' lang='lat' dir='ltr'>probably</span> <span class='ocrx_word' id='word_1_189' title='bbox 998 1668 1060 1695; x_wconf 85' lang='lat' dir='ltr'>not</span> <span class='ocrx_word' id='word_1_190' title='bbox 1074 1665 1275 1705; x_wconf 83' lang='lat' dir='ltr'>postponed,</span> <span class='ocrx_word' id='word_1_191' title='bbox 1292 1664 1355 1695; x_wconf 82' lang='lat' dir='ltr'>but</span> 
     </span>
    </p>

    <p class='ocr_par' dir='ltr' id='par_1_9' title="bbox 182 1717 1352 1833">
     <span class='ocr_line' id='line_1_32' title="bbox 214 1717 1352 1791; baseline 0.001 -11"><span class='ocrx_word' id='word_1_192' title='bbox 214 1717 408 1790; x_wconf 49' lang='lat' dir='ltr'>‘fffl‘rhaps</span> <span class='ocrx_word' id='word_1_193' title='bbox 437 1748 455 1761; x_wconf 89' lang='lat'><strong>“</strong></span> <span class='ocrx_word' id='word_1_194' title='bbox 470 1750 503 1780; x_wconf 88' lang='lat' dir='ltr'>in</span> <span class='ocrx_word' id='word_1_195' title='bbox 530 1753 633 1780; x_wconf 75' lang='lat' dir='ltr'>sweet</span> <span class='ocrx_word' id='word_1_196' title='bbox 658 1749 777 1786; x_wconf 82' lang='lat' dir='ltr'>wine,’&#39;</span> <span class='ocrx_word' id='word_1_197' title='bbox 808 1750 869 1780; x_wconf 86' lang='lat' dir='ltr'>but</span> <span class='ocrx_word' id='word_1_198' title='bbox 899 1750 958 1781; x_wconf 86' lang='lat' dir='ltr'>the</span> <span class='ocrx_word' id='word_1_199' title='bbox 982 1749 1092 1791; x_wconf 86' lang='lat' dir='ltr'>plural</span> <span class='ocrx_word' id='word_1_200' title='bbox 1118 1749 1292 1790; x_wconf 73' lang='lat' dir='ltr'>(dulcibus)</span> <span class='ocrx_word' id='word_1_201' title='bbox 1319 1751 1352 1781; x_wconf 90' lang='lat' dir='ltr'>in</span> 
     </span>
     <span class='ocr_line' id='line_1_33' title="bbox 182 1792 539 1833; baseline -0.003 -10"><span class='ocrx_word' id='word_1_202' title='bbox 182 1795 193 1832; x_wconf 75' lang='grc' dir='ltr'>ξ</span> <span class='ocrx_word' id='word_1_203' title='bbox 209 1795 251 1823; x_wconf 84' lang='grc'>54</span> <span class='ocrx_word' id='word_1_204' title='bbox 267 1793 295 1823; x_wconf 85' lang='lat' dir='ltr'>is</span> <span class='ocrx_word' id='word_1_205' title='bbox 311 1793 444 1833; x_wconf 85' lang='lat' dir='ltr'>against</span> <span class='ocrx_word' id='word_1_206' title='bbox 460 1792 539 1822; x_wconf 84' lang='lat' dir='ltr'>this.</span> 
     </span>
    </p>

    <p class='ocr_par' dir='ltr' id='par_1_10' title="bbox 179 1834 1353 2047">
     <span class='ocr_line' id='line_1_34' title="bbox 220 1834 1353 1889; baseline 0.002 -24"><span class='ocrx_word' id='word_1_207' title='bbox 220 1840 231 1854; x_wconf 79' lang='lat'><strong><em>⁶</em></strong></span> <span class='ocrx_word' id='word_1_208' title='bbox 254 1835 315 1889; x_wconf 55' lang='lat' dir='ltr'>See</span> <span class='ocrx_word' id='word_1_209' title='bbox 332 1835 445 1866; x_wconf 81' lang='lat' dir='ltr'>Celsus</span> <span class='ocrx_word' id='word_1_210' title='bbox 461 1835 527 1866; x_wconf 89' lang='lat' dir='ltr'>III.</span> <span class='ocrx_word' id='word_1_211' title='bbox 546 1836 585 1866; x_wconf 78' lang='lat'>:21</span> <span class='ocrx_word' id='word_1_212' title='bbox 604 1835 672 1865; x_wconf 88' lang='lat' dir='ltr'>and</span> <span class='ocrx_word' id='word_1_213' title='bbox 689 1835 745 1866; x_wconf 76' lang='lat' dir='ltr'>list</span> <span class='ocrx_word' id='word_1_214' title='bbox 761 1834 800 1866; x_wconf 88' lang='lat' dir='ltr'>of</span> <span class='ocrx_word' id='word_1_215' title='bbox 812 1835 966 1866; x_wconf 79' lang='lat' dir='ltr'>diseases.</span> <span class='ocrx_word' id='word_1_216' title='bbox 1028 1835 1089 1867; x_wconf 84' lang='lat' dir='ltr'>See</span> <span class='ocrx_word' id='word_1_217' title='bbox 1101 1835 1172 1866; x_wconf 84' lang='lat' dir='ltr'>also</span> <span class='ocrx_word' id='word_1_218' title='bbox 1184 1839 1264 1867; x_wconf 80' lang='lat' dir='ltr'>note</span> <span class='ocrx_word' id='word_1_219' title='bbox 1276 1835 1298 1866; x_wconf 82' lang='lat' dir='ltr'><em>d</em></span> <span class='ocrx_word' id='word_1_220' title='bbox 1311 1846 1353 1867; x_wconf 90' lang='lat' dir='ltr'>on</span> 
     </span>
     <span class='ocr_line' id='line_1_35' title="bbox 183 1880 1348 1961; baseline 0 -10"><span class='ocrx_word' id='word_1_221' title='bbox 183 1880 442 1961; x_wconf 36' lang='lat' dir='ltr'>p·‘¹831llayhoff’s</span> <span class='ocrx_word' id='word_1_222' title='bbox 467 1920 701 1951; x_wconf 78' lang='lat' dir='ltr'>emendations</span> <span class='ocrx_word' id='word_1_223' title='bbox 727 1920 794 1951; x_wconf 88' lang='lat' dir='ltr'>and</span> <span class='ocrx_word' id='word_1_224' title='bbox 819 1921 1046 1961; x_wconf 85' lang='lat' dir='ltr'>punctuation</span> <span class='ocrx_word' id='word_1_225' title='bbox 1072 1931 1128 1952; x_wconf 84' lang='lat' dir='ltr'>are</span> <span class='ocrx_word' id='word_1_226' title='bbox 1153 1921 1348 1957; x_wconf 80' lang='lat' dir='ltr'>attractive,</span> 
     </span>
     <span class='ocr_line' id='line_1_36' title="bbox 181 1963 1350 2004; baseline 0.001 -11"><span class='ocrx_word' id='word_1_227' title='bbox 181 1964 247 1994; x_wconf 89' lang='lat' dir='ltr'>and</span> <span class='ocrx_word' id='word_1_228' title='bbox 276 1974 351 1994; x_wconf 86' lang='lat' dir='ltr'>ease</span> <span class='ocrx_word' id='word_1_229' title='bbox 379 1963 438 1994; x_wconf 88' lang='lat' dir='ltr'>the</span> <span class='ocrx_word' id='word_1_230' title='bbox 465 1967 636 1994; x_wconf 81' lang='lat' dir='ltr'>structure</span> <span class='ocrx_word' id='word_1_231' title='bbox 664 1963 702 1994; x_wconf 84' lang='lat' dir='ltr'>of</span> <span class='ocrx_word' id='word_1_232' title='bbox 726 1963 784 1994; x_wconf 83' lang='lat' dir='ltr'>the</span> <span class='ocrx_word' id='word_1_233' title='bbox 812 1967 895 1994; x_wconf 81' lang='lat' dir='ltr'>next-</span> <span class='ocrx_word' id='word_1_234' title='bbox 922 1967 1079 1994; x_wconf 86' lang='lat' dir='ltr'>sentence</span> <span class='ocrx_word' id='word_1_235' title='bbox 1107 1963 1350 2004; x_wconf 81' lang='lat' dir='ltr'>considerably.</span> 
     </span>
     <span class='ocr_line' id='line_1_37' title="bbox 179 2005 1349 2047; baseline 0 -10"><span class='ocrx_word' id='word_1_236' title='bbox 179 2007 248 2037; x_wconf 88' lang='lat' dir='ltr'>The</span> <span class='ocrx_word' id='word_1_237' title='bbox 269 2007 426 2047; x_wconf 82' lang='lat' dir='ltr'>meaning</span> <span class='ocrx_word' id='word_1_238' title='bbox 446 2006 559 2037; x_wconf 83' lang='lat' dir='ltr'>would</span> <span class='ocrx_word' id='word_1_239' title='bbox 579 2006 643 2037; x_wconf 83' lang='lat' dir='ltr'>be:</span> <span class='ocrx_word' id='word_1_240' title='bbox 679 2005 697 2017; x_wconf 86' lang='lat'>“</span> <span class='ocrx_word' id='word_1_241' title='bbox 713 2006 749 2037; x_wconf 86' lang='lat' dir='ltr'>If</span> <span class='ocrx_word' id='word_1_242' title='bbox 765 2006 901 2046; x_wconf 82' lang='lat' dir='ltr'>applied</span> <span class='ocrx_word' id='word_1_243' title='bbox 921 2006 1112 2047; x_wconf 83' lang='lat' dir='ltr'>externally</span> <span class='ocrx_word' id='word_1_244' title='bbox 1131 2010 1168 2037; x_wconf 88' lang='lat' dir='ltr'>to</span> <span class='ocrx_word' id='word_1_245' title='bbox 1187 2006 1246 2037; x_wconf 85' lang='lat' dir='ltr'>the</span> <span class='ocrx_word' id='word_1_246' title='bbox 1265 2006 1349 2038; x_wconf 88' lang='lat' dir='ltr'>neck</span> 
     </span>
    </p>
   </div>
   <div class='ocr_carea' id='block_1_8' title="bbox 179 2069 246 2104">
    <p class='ocr_par' dir='ltr' id='par_1_11' title="bbox 179 2069 246 2104">
     <span class='ocr_line' id='line_1_38' title="bbox 179 2069 246 2104; baseline 0 0"><span class='ocrx_word' id='word_1_247' title='bbox 179 2069 246 2104; x_wconf 90' lang='lat'>180</span> 
     </span>
    </p>
   </div>
  </div>
 </body>
</html>
