1459 2288
132 456 187 486 161

129 1163 188 1193 162

129 1634 188 1665 163

419 172 613 210 PLINY:
659 173 922 211 NATURAL
956 173 1193 211 HISTORY

218 279 308 312 vino
343 276 432 313 albo
466 283 619 326 potum,
653 276 896 327 hypocisthis
930 280 971 313 in
1004 277 1122 313 rubro
1156 276 1391 327 profluvium

219 338 374 371 sistunt.
429 335 624 385 hysopum
665 335 940 372 suffocationes
979 335 1100 372 laxat.
1155 336 1267 372 radix
1308 349 1391 372 ver-

218 393 394 430 benacae
412 400 508 443 pota
527 407 575 430 ex
594 408 697 444 aqua
715 394 764 431 ad
783 397 914 431 omnia
931 397 970 430 in
987 400 1105 443 partu
1124 400 1193 431 aut
1211 408 1259 431 ex
1278 401 1394 444 partu

218 452 323 488 mala
352 456 694 502 praestantissima
725 459 797 490 est.
852 453 1085 503 peucedano
1115 453 1275 503 quidam
1306 456 1396 489 mis-

218 517 311 548 cent
336 514 375 547 in
403 515 492 548 vino
519 515 631 561 nigro
658 525 795 548 semen
822 514 995 561 cupressi
1023 515 1249 549 contritum.
1304 525 1396 549 nam

218 583 355 606 semen
382 570 513 620 psyllii
540 570 856 607 defervefactum
883 573 923 607 in
950 584 1066 620 aqua,
1093 584 1182 607 cum
1208 573 1396 620 intepuit,

219 628 426 678 epiphoras
469 643 605 666 omnes
651 632 754 666 uteri
800 629 911 666 lenit.
966 629 1209 680 symphyton
1256 632 1395 666 tritum

217 690 257 723 in
305 691 394 724 vino
442 691 554 737 nigro
604 694 743 725 evocat
790 701 959 725 menses.
1013 694 1151 738 partus
1200 688 1395 725 accelerat

217 747 406 783 scordotis
428 754 524 796 pota
544 747 732 784 drachma
753 751 833 784 suci
854 751 895 784 in
917 761 1044 797 aquae
1065 747 1218 784 mulsae
1240 747 1394 798 cyathis

218 817 294 842 1111.
348 806 539 843 dictamni
559 805 654 843 folia
673 806 874 856 praeclare
899 806 1046 842 dantur
1066 819 1115 842 ex
1137 820 1250 856 aqua.
1305 819 1395 843 con-

217 870 299 901 stat
323 868 436 901 unius
461 864 566 901 oboli
589 865 779 914 pondere,
804 865 866 901 vel
890 868 920 901 si
944 867 1090 901 mortui
1114 867 1193 901 sint
1216 867 1257 901 in
1281 871 1395 901 utero

216 922 402 967 infantes,
436 927 615 973 protinus
649 924 762 960 reddi
795 926 879 960 sine
912 926 1126 960 vexatione
1159 937 1392 973 puerperae.

217 982 397 1019 similiter
442 983 605 1032 prodest
651 982 1064 1032 pseudodictamnum,
1112 983 1183 1019 sed
1228 982 1394 1025 tardius,

216 1041 453 1091 cyclaminos
508 1041 738 1092 adalligata,
793 1041 1078 1078 cissanthemos
1133 1047 1241 1091 pota,
1296 1044 1393 1078 item

217 1103 442 1137 vettonicae
461 1099 588 1137 farina
607 1114 656 1137 ex
675 1114 780 1150 aqua
797 1100 934 1137 mulsa.

265 1159 369 1196 XCI.
400 1160 688 1209 Arsenogonon
733 1166 775 1196 et
818 1159 1066 1210 thelygonon
1110 1159 1259 1196 herbae
1300 1164 1394 1196 sunt

215 1217 410 1255 habentes
454 1232 548 1254 uvas
592 1217 751 1255 floribus
794 1218 905 1255 oleae
949 1218 1108 1262 similes,
1140 1217 1393 1268 pallidioresl

216 1283 367 1320 tamen,
407 1290 543 1314 semen
583 1277 717 1313 album
756 1280 963 1327 papaveris
1002 1277 1132 1313 modo.
1186 1276 1393 1327 thelygoni

215 1341 313 1384 potu
341 1334 531 1371 feminam
559 1338 710 1384 concipi
737 1341 921 1378 narrant3
964 1348 1238 1385 arsenogonon
1265 1335 1315 1371 ab
1344 1348 1391 1371 ea

216 1396 366 1430 semine
402 1394 527 1438 oleae,
563 1407 636 1430 nec
672 1393 747 1430 alio
782 1394 927 1437 distat3
976 1393 1092 1430 huius
1128 1400 1226 1443 potu
1260 1406 1389 1430 mares

215 1455 411 1502 generari,
435 1455 466 1489 si
489 1453 697 1489 credimus.
753 1452 818 1489 alii
841 1459 1053 1502 utramque
1077 1455 1202 1489 ocimo
1226 1452 1393 1489 similem

216 1512 394 1555 tradunt,
435 1514 668 1562 arsenogoni
710 1517 845 1548 autem
886 1524 1023 1548 semen
1061 1514 1267 1561 geminum
1307 1524 1392 1548 esse

216 1571 386 1607 testibus
404 1570 542 1607 simile.

265 1629 392 1666 XCII.
423 1629 693 1666 Mammarum
722 1632 826 1666 vitiis
858 1633 1011 1666 aizoum
1042 1629 1147 1678 quod
1178 1628 1392 1680 digitillum

217 1688 502 1738 appellavimus
546 1691 661 1725 unice
705 1688 902 1725 medetur.
958 1691 1138 1738 erigeron
1184 1701 1233 1725 ex
1277 1701 1392 1737 passo

215 1760 408 1783 mammas
430 1747 631 1784 uberiores
653 1746 762 1791 facit,
784 1760 946 1784 soncum
968 1760 1057 1783 cum
1079 1746 1182 1783 farre
1204 1746 1392 1790 coetum‚2

272 1828 285 1846 ¹
308 1828 498 1869 pallidiores
515 1828 550 1867 d(
557 1829 584 1866 ⁶2)
601 1827 684 1867 vulq.
701 1840 708 1859 ε
738 1828 922 1868 pallidioris
937 1827 1109 1868 Detlessen,
1127 1827 1169 1858 M
1170 1827 1288 1868 aylwff.

272 1872 284 1890 2
307 1881 446 1902 soncum
465 1882 541 1902 cum
560 1871 646 1902 farre
665 1874 799 1902 coctum
818 1881 892 1910 eqo:
924 1872 1017 1901 sonci
1035 1881 1112 1901 cum
1129 1871 1217 1901 farre
1235 1871 1320 1902 cocti
1338 1871 1391 1901 ius

227 1913 383 1954 Mayhoff
393 1926 400 1945 :
431 1914 595 1945 sonchum
612 1915 646 1944 in
663 1913 750 1944 farre
769 1918 903 1945 coctum
920 1913 1082 1953 Detlefsen
1099 1917 1126 1944 et
1141 1913 1229 1944 codd.

643 2035 657 2050 ‘¹
681 2031 742 2064 See
759 2032 860 2063 XXV
876 2032 890 2070 §
910 2033 982 2064 160.

213 2095 282 2142 382
