1459 2288
372 140 568 178 PLINY:
614 139 877 177 NATURAL
911 137 1147 176 HISTORY

172 243 287 287 visu,1
309 245 423 280 variis
446 242 641 279 coloribus
663 244 921 278 vomitionum
945 246 986 277 et
1006 246 1096 290 post
1118 242 1350 276 vomitiones

172 309 448 344 observatione
482 306 573 349 alvi,
606 305 854 342 balinearum
888 305 1196 354 dispensatione,
1228 307 1350 340 totius

171 373 342 420 corporis
361 383 467 414 cura,
487 369 753 406 antecedente
773 371 905 405 omnia
922 368 1020 405 haec
1038 381 1182 417 magno
1201 374 1351 404 terrore

172 435 317 478 famae,
339 447 511 483 namque
533 433 700 470 tradunt
723 433 875 469 absumi
897 431 1086 475 carnem,2
1107 434 1137 468 si
1159 437 1352 480 coquatur

172 512 263 535 una.
318 498 388 535 sed
413 500 667 547 antiquorum
692 499 832 533 vitium
857 502 943 532 erat
967 496 1073 545 quod
1096 501 1258 545 propter
1282 494 1351 531 hos

173 568 303 599 metus
339 564 493 612 parcius
529 561 694 604 dabant,
730 574 819 597 cum
855 560 1019 596 celerius
1056 565 1239 609 erumpat
1274 572 1352 608 quo

106 632 146 663 58
173 626 318 676 largius
376 628 557 662 sumitur.
612 625 826 661 Themison
882 624 994 660 binas
1051 637 1129 660 non
1186 622 1352 672 amplius

172 690 380 727 drachmas
417 689 585 732 datavit,
624 694 838 738 sequentes
876 693 918 724 et
954 693 1168 737 quaternas
1204 686 1352 723 dedere

172 755 276 790 claro
303 753 511 803 Herophili
538 755 761 802 praeconio,
788 754 854 801 qui
880 751 1127 788 helleborum
1153 749 1351 787 fortissimi

173 819 282 855 ducis
316 818 567 854 similitudini
602 817 814 866 aequabat.
868 818 1074 852 concitatis
1109 817 1214 851 enim
1246 817 1352 852 intus

173 882 355 919 omnibus
389 884 519 931 ipsum
552 883 592 917 in
625 883 760 930 primis
795 882 914 916 exire.
968 885 1178 929 praeterea
1210 881 1351 915 mirum

173 949 379 983 inventum
416 951 477 982 est
513 945 619 994 quod
654 947 819 980 incisum
855 943 1053 987 forficulis,
1088 949 1134 979 ut
1168 943 1352 986 diximus,

173 1011 360 1053 cribrant,
404 1015 540 1046 cortex
584 1014 780 1052 remanet,
823 1008 896 1044 hoc
939 1010 1135 1051 inaniunt,
1178 1006 1354 1043 medulla

173 1074 293 1117 cadit,
330 1073 429 1110 haec
466 1076 507 1109 in
545 1075 666 1109 nimia
707 1075 944 1122 purgatione
986 1071 1082 1108 data
1119 1073 1352 1107 vomitiones

173 1141 288 1175 sistit.

107 1208 147 1238 59
223 1201 370 1238 XXIV.
400 1201 632 1238 Cavendum
654 1206 715 1237 est
734 1199 839 1237 felici
859 1212 1017 1249 quoque
1037 1212 1130 1235 cura
1149 1212 1199 1235 ne
1219 1198 1353 1235 nubilo

173 1267 238 1303 die
282 1266 413 1309 detur,
457 1264 685 1314 inpetibiles
730 1267 878 1314 quippe
922 1266 1117 1300 cruciatus
1162 1266 1350 1299 existunt.

173 1344 265 1367 nam
290 1335 445 1366 aestate
470 1332 601 1379 potius
626 1342 745 1378 quam
769 1328 900 1364 hieme
925 1327 1101 1364 dandum
1126 1341 1203 1364 non
1229 1332 1289 1363 est
1313 1329 1353 1362 in

174 1394 306 1430 dubio.
362 1407 502 1443 eorpus
537 1398 694 1442 septem
729 1393 869 1429 diebus
906 1398 999 1428 ante
1034 1390 1352 1441 praeparandum

173 1459 268 1494 cibis
299 1458 466 1501 acribus,
498 1458 741 1493 abstinentia
771 1458 862 1499 vini,
894 1461 1035 1505 quarto
1067 1461 1108 1492 et
1137 1457 1258 1491 tertio
1288 1454 1352 1491 die

176 1522 467 1565 vomitionibus,
489 1521 617 1571 pridie
639 1533 761 1557 cenae
784 1521 1038 1556 abstinentia.
1093 1518 1227 1555 album
1250 1524 1291 1555 et
1311 1521 1351 1554 in

226 1613 239 1631 1
262 1611 404 1643 terribili
424 1612 498 1642 visu
518 1611 546 1641 E
566 1610 752 1651 Detlefsen:
786 1609 967 1640 terribilius
988 1608 1144 1649 Mayhoff
1155 1621 1161 1639 :
1195 1607 1351 1639 terribilis

182 1657 255 1686 visu
272 1654 367 1685 multi
384 1654 472 1685 codd.

225 1699 237 1716 2
261 1707 396 1728 carnem
431 1697 471 1734 E,
507 1696 604 1737 vuly„
640 1695 825 1736 Dellefsen:
875 1705 991 1726 carnes
1025 1694 1166 1735 quinque
1200 1693 1288 1725 codd.
1325 1697 1352 1724 et

181 1740 344 1780 Mayhoff,
365 1739 422 1780 qui
443 1740 582 1771 XXIII.
605 1741 635 1778 ἐξ
660 1740 730 1775 126,
756 1739 827 1775 127,
852 1740 912 1769 150
932 1737 1061 1778 confert.
1109 1737 1172 1768 Sed
1193 1737 1244 1768 hic
1274 1746 1351 1767 caro

182 1783 266 1815 verbi
284 1786 452 1823 eoquat-ur
468 1793 535 1814 esse
553 1783 735 1814 subiectum
750 1781 888 1812 videtur.

223 1950 237 1963 ‘²
259 1945 443 1986 Mayhoff’s
462 1945 655 1984 conjecture
673 1943 853 1974 terribilius
871 1945 927 1981 (sc.
948 1942 1142 1973 helleborum
1159 1945 1217 1980 est)
1236 1943 1352 1973 makes

179 1989 235 2020 the
252 1998 423 2029 grammar
441 1988 588 2029 simpler,
607 1987 666 2018 the
685 1986 852 2017 ablatives
870 1986 969 2026 being
987 1985 1101 2016 causa]
1118 1985 1186 2016 and
1203 1985 1348 2026 depend-

181 2051 247 2095 178
