1459 2288
426 158 619 195 PLINY:
666 159 929 197 NATURAL
962 159 1199 197 HISTORY

158 267 196 297 77
273 261 502 298 XXXVIII.
535 262 692 298 Invenit
729 267 770 298 et
807 267 965 311 patrum
1003 268 1225 299 nostrorum
1262 268 1397 299 aetate

224 339 291 363 rex
326 326 423 361 Iuba
456 339 574 374 quam
607 325 824 374 appellavit
859 325 1128 375 euphorbeam
1166 326 1309 363 medici
1341 329 1398 362 sui

225 392 393 426 nomine.
448 388 571 425 frater
586 391 616 425 is
634 388 710 425 fuit
729 388 870 425 Musae
888 402 911 425 a
927 402 1004 439 quo
1020 389 1156 426 divum
1173 390 1400 439 Augustum

222 458 499 490 conservatum
519 453 791 489 indicavimus.
847 453 968 489 iidem
988 452 1129 490 fratres
1149 455 1357 490 instituere
1378 467 1400 490 a

223 517 388 554 balineis
425 516 568 567 frigida
604 517 732 554 multa
767 530 930 566 corpora
966 517 1226 567 adstringere.
1281 523 1401 554 antea

223 595 300 618 non
331 587 416 618 erat
445 595 528 617 mos
558 584 629 617 nisi
659 581 787 617 calida
816 587 975 617 tantum
1004 580 1137 625 lavari,
1166 583 1267 618 sicut
1296 581 1401 631 apud

158 650 197 680 78
224 645 442 681 Homerum
485 647 607 681 etiam
649 647 881 681 invenimus.
936 645 1006 682 sed
1049 645 1172 681 Iubae
1214 644 1399 682 volumen

223 722 380 759 quoque
414 715 527 745 extat
559 709 609 745 de
643 722 690 745 ea
721 709 846 745 herba
879 714 920 746 et
952 709 1101 745 clarum
1134 711 1398 758 praeconium.

223 776 373 809 invenit
405 786 492 809 eam
523 775 562 809 in
594 779 729 809 monte
761 773 942 816 Atlante,
969 775 1100 822 specie
1131 772 1269 823 thyrsi,
1300 771 1401 809 foliis

224 837 453 873 acanthinis.
514 839 568 873 vis
606 843 721 873 tanta
759 842 819 873 est
859 842 904 873 ut
923 835 937 859 1
976 849 997 873 e
1035 836 1250 886 longinquo
1287 849 1401 873 sucus

224 903 444 950 excipiatur
469 903 591 936 incisa
620 906 759 943 eont03
790 901 945 937 subitur
972 900 1163 950 excipulis
1184 900 1403 936 ventriculo

223 964 405 1001 haedino.
471 978 583 1001 umor
621 964 731 1001 lactis
771 964 928 1001 videtur
965 963 1193 1007 defluens32
1235 966 1401 1000 siccatus

223 1042 311 1065 cum
333 1031 438 1071 coiit,
459 1030 557 1064 turis
579 1028 750 1078 effigiem
771 1028 904 1064 habet.
960 1030 1026 1077 qui
1048 1027 1242 1078 colligunt
1261 1027 1401 1064 clarius

225 1092 372 1128 vident.
427 1098 565 1129 contra
581 1098 788 1141 serpentes
806 1091 1003 1135 medetur,
1021 1105 1271 1141 quacumque
1287 1097 1401 1141 parte

223 1169 407 1205 percussa
438 1159 584 1193 vertice
615 1159 736 1193 inciso
768 1162 809 1192 et
839 1156 1134 1192 medicamento
1166 1155 1304 1192 addito
1334 1155 1400 1191 ibi.

158 1225 198 1255 79
225 1220 385 1256 Gaetuli
429 1222 494 1269 qui
540 1219 679 1269 legunt
722 1220 857 1256 taedio
899 1219 1002 1256 lacte
1047 1219 1289 1262 adulterant,
1332 1219 1401 1255 sed

224 1284 459 1321 discernitur
496 1286 590 1334 igni,
628 1284 668 1320 id
706 1286 812 1320 enim
850 1283 956 1333 quod
993 1286 1187 1319 sincerum
1226 1296 1304 1319 non
1342 1288 1402 1319 est

225 1347 510 1384 fastidiendum
552 1347 714 1384 odorem
755 1347 889 1384 habet.
944 1347 1117 1383 multum
1158 1346 1259 1383 infra
1299 1346 1402 1382 hunc

224 1425 360 1448 sucum
399 1417 459 1448 est
496 1414 562 1461 qui
600 1414 639 1448 in
678 1411 809 1448 Gallia
846 1411 890 1448 fit
928 1424 977 1448 ex
1015 1410 1138 1447 herba
1174 1410 1403 1447 chamelaea

224 1489 391 1526 granum
423 1478 524 1512 cocci
558 1475 725 1513 ferente.
780 1475 929 1512 fractus
960 1475 1236 1511 hammoniaco
1267 1473 1403 1510 similis

226 1545 299 1583 est,
331 1542 452 1576 etiam
482 1539 557 1576 levi
587 1545 707 1590 gustu
738 1553 780 1576 os
811 1552 1020 1575 accensum
1049 1539 1117 1575 diu
1148 1538 1331 1575 detinens
1361 1543 1403 1574 et

225 1607 350 1654 magis
372 1616 421 1640 ex
442 1603 664 1647 intervallo,
685 1603 811 1640 donec
832 1602 964 1640 fauces
986 1615 1143 1652 quoque
1164 1604 1295 1639 siccet.

277 1683 289 1731 ².
313 1686 352 1714 ut
365 1694 383 1714 e
395 1683 581 1732 longinquo
595 1683 635 1714 M
637 1682 752 1723 ayhoff
758 1695 764 1713 :
790 1682 873 1730 *sele
886 1682 1071 1723 longinquo
1084 1680 1173 1712 codd.
1188 1684 1216 1712 et
1228 1680 1402 1721 Detlefsen,

232 1737 288 1788 qu}
306 1729 689 1807 Ξέῗῖέἕέἒὲἶῖἕαΐεῗέζῗ
697 1725 872 1808 ἧιιῖἦέᾒῖξ
900 1767 1045 1799 defluere
1061 1766 1149 1798 codd.

271 1891 285 1906 ⁰
307 1887 399 1919 Juba
423 1889 451 1919 is
476 1887 641 1928 probably
667 1887 726 1918 the
753 1897 813 1919 son
838 1886 877 1918 of
902 1886 962 1917 the
986 1885 1079 1917 Juba
1103 1885 1179 1916 who
1204 1885 1404 1916 committed

229 1931 356 1962 suicide
376 1931 465 1962 after
484 1931 651 1971 Thapsus.
699 1930 752 1961 He
771 1940 840 1961 was
861 1928 1010 1970 brought
1030 1932 1067 1960 to
1088 1928 1196 1959 Rome
1217 1928 1262 1969 by
1284 1927 1406 1959 Caesar

232 1974 298 2004 and
317 1973 479 2014 carefully
495 1973 673 2005 educated.

271 2015 283 2034 ²²
306 2016 367 2048 See
381 2020 461 2048 note
476 2027 519 2048 on
539 2018 553 2056 ξ
567 2017 610 2047 42
625 2016 663 2047 of
673 2015 742 2047 this
757 2015 858 2047 book.

230 2088 295 2123 192
