<?xml version="1.0" encoding="UTF-8"?>
<!DOCTYPE html PUBLIC "-//W3C//DTD XHTML 1.0 Transitional//EN"
    "http://www.w3.org/TR/xhtml1/DTD/xhtml1-transitional.dtd">
<html xmlns="http://www.w3.org/1999/xhtml" xml:lang="en" lang="en">
 <head>
  <title>
</title>
<meta http-equiv="Content-Type" content="text/html;charset=utf-8" />
  <meta name='ocr-system' content='tesseract 3.04.00' />
  <meta name='ocr-capabilities' content='ocr_page ocr_carea ocr_par ocr_line ocrx_word'/>
</head>
<body>
  <div class='ocr_page' id='page_1' title='image "./naturalhistory07plinuoft/naturalhistory07plinuoft_0104.png"; bbox 0 0 1459 2288; ppageno 0'>
   <div class='ocr_carea' id='block_1_1' title="bbox 77 466 136 497">
    <p class='ocr_par' dir='ltr' id='par_1_1' title="bbox 77 466 136 497">
     <span class='ocr_line' id='line_1_1' title="bbox 77 466 136 497; baseline -0.017 0"><span class='ocrx_word' id='word_1_1' title='bbox 77 466 136 497; x_wconf 89' lang='grc'>116</span> 
     </span>
    </p>
   </div>
   <div class='ocr_carea' id='block_1_2' title="bbox 77 1052 135 1082">
    <p class='ocr_par' dir='ltr' id='par_1_2' title="bbox 77 1052 135 1082">
     <span class='ocr_line' id='line_1_2' title="bbox 77 1052 135 1082; baseline 0 0"><span class='ocrx_word' id='word_1_2' title='bbox 77 1052 135 1082; x_wconf 86' lang='grc'>117</span> 
     </span>
    </p>
   </div>
   <div class='ocr_carea' id='block_1_3' title="bbox 78 1426 135 1456">
    <p class='ocr_par' dir='ltr' id='par_1_3' title="bbox 78 1426 135 1456">
     <span class='ocr_line' id='line_1_3' title="bbox 78 1426 135 1456; baseline 0.035 -2"><span class='ocrx_word' id='word_1_3' title='bbox 78 1426 135 1456; x_wconf 80' lang='lat'>118</span> 
     </span>
    </p>
   </div>
   <div class='ocr_carea' id='block_1_4' title="bbox 370 144 1143 182">
    <p class='ocr_par' dir='ltr' id='par_1_4' title="bbox 370 144 1143 182">
     <span class='ocr_line' id='line_1_4' title="bbox 370 144 1143 182; baseline 0.001 -1"><span class='ocrx_word' id='word_1_4' title='bbox 370 145 563 182; x_wconf 82' lang='lat' dir='ltr'>PLINY:</span> <span class='ocrx_word' id='word_1_5' title='bbox 610 145 873 182; x_wconf 89' lang='lat' dir='ltr'>NATURAL</span> <span class='ocrx_word' id='word_1_6' title='bbox 907 144 1143 182; x_wconf 89' lang='lat' dir='ltr'>HISTORY</span> 
     </span>
    </p>
   </div>
   <div class='ocr_carea' id='block_1_5' title="bbox 163 246 1348 1523">
    <p class='ocr_par' dir='ltr' id='par_1_5' title="bbox 166 246 1347 445">
     <span class='ocr_line' id='line_1_5' title="bbox 168 246 1346 296; baseline -0.001 -11"><span class='ocrx_word' id='word_1_7' title='bbox 168 248 330 285; x_wconf 88' lang='lat' dir='ltr'>habent.</span> <span class='ocrx_word' id='word_1_8' title='bbox 387 248 497 284; x_wconf 82' lang='lat' dir='ltr'>radix</span> <span class='ocrx_word' id='word_1_9' title='bbox 523 247 687 284; x_wconf 74' lang='lat' dir='ltr'>discutit</span> <span class='ocrx_word' id='word_1_10' title='bbox 710 260 848 296; x_wconf 89' lang='lat' dir='ltr'>panos,</span> <span class='ocrx_word' id='word_1_11' title='bbox 872 246 1138 290; x_wconf 81' lang='lat' dir='ltr'><strong>collectiones,</strong></span> <span class='ocrx_word' id='word_1_12' title='bbox 1162 249 1346 291; x_wconf 87' lang='lat' dir='ltr'>vomicas,</span> 
     </span>
     <span class='ocr_line' id='line_1_6' title="bbox 166 300 1346 350; baseline -0.002 -12"><span class='ocrx_word' id='word_1_13' title='bbox 166 304 297 338; x_wconf 90' lang='lat' dir='ltr'>urinas</span> <span class='ocrx_word' id='word_1_14' title='bbox 333 301 456 337; x_wconf 86' lang='lat' dir='ltr'>trahit</span> <span class='ocrx_word' id='word_1_15' title='bbox 492 306 599 350; x_wconf 90' lang='lat' dir='ltr'>pota.</span> <span class='ocrx_word' id='word_1_16' title='bbox 655 300 865 336; x_wconf 89' lang='lat' dir='ltr'>decoctum</span> <span class='ocrx_word' id='word_1_17' title='bbox 902 302 985 336; x_wconf 89' lang='lat' dir='ltr'>eius</span> <span class='ocrx_word' id='word_1_18' title='bbox 1020 303 1061 336; x_wconf 90' lang='lat' dir='ltr'>in</span> <span class='ocrx_word' id='word_1_19' title='bbox 1096 303 1186 337; x_wconf 92' lang='lat' dir='ltr'>vino</span> <span class='ocrx_word' id='word_1_20' title='bbox 1216 301 1346 337; x_wconf 90' lang='lat' dir='ltr'>alvum</span> 
     </span>
     <span class='ocr_line' id='line_1_7' title="bbox 166 353 1347 403; baseline -0.001 -11"><span class='ocrx_word' id='word_1_21' title='bbox 166 357 283 398; x_wconf 87' lang='lat' dir='ltr'>sistit,</span> <span class='ocrx_word' id='word_1_22' title='bbox 339 355 591 403; x_wconf 77' lang='lat' dir='ltr'>serpentibus</span> <span class='ocrx_word' id='word_1_23' title='bbox 647 353 890 390; x_wconf 80' lang='lat' dir='ltr'>adversatur.</span> <span class='ocrx_word' id='word_1_24' title='bbox 962 353 1074 390; x_wconf 85' lang='lat' dir='ltr'>radix</span> <span class='ocrx_word' id='word_1_25' title='bbox 1134 357 1347 403; x_wconf 86' lang='lat' dir='ltr'>praecipue</span> 
     </span>
     <span class='ocr_line' id='line_1_8' title="bbox 166 408 464 445; baseline -0.007 0"><span class='ocrx_word' id='word_1_26' title='bbox 166 408 284 445; x_wconf 90' lang='lat' dir='ltr'>datur</span> <span class='ocrx_word' id='word_1_27' title='bbox 303 410 344 444; x_wconf 92' lang='lat' dir='ltr'>in</span> <span class='ocrx_word' id='word_1_28' title='bbox 362 410 464 444; x_wconf 85' lang='lat' dir='ltr'>vino.</span> 
     </span>
    </p>

    <p class='ocr_par' dir='ltr' id='par_1_6' title="bbox 166 458 1348 1030">
     <span class='ocr_line' id='line_1_9' title="bbox 214 458 1344 510; baseline -0.001 -13"><span class='ocrx_word' id='word_1_29' title='bbox 214 460 382 497; x_wconf 91' lang='lat' dir='ltr'>LXXII.</span> <span class='ocrx_word' id='word_1_30' title='bbox 411 459 638 510; x_wconf 87' lang='lat' dir='ltr'>Aquifoliae</span> <span class='ocrx_word' id='word_1_31' title='bbox 687 458 781 496; x_wconf 88' lang='lat' dir='ltr'>folia</span> <span class='ocrx_word' id='word_1_32' title='bbox 798 460 812 483; x_wconf 77' lang='lat'>1</span> <span class='ocrx_word' id='word_1_33' title='bbox 861 465 1027 496; x_wconf 87' lang='lat' dir='ltr'>contusa</span> <span class='ocrx_word' id='word_1_34' title='bbox 1076 460 1212 497; x_wconf 91' lang='lat' dir='ltr'>addito</span> <span class='ocrx_word' id='word_1_35' title='bbox 1262 459 1344 496; x_wconf 88' lang='lat' dir='ltr'>sale</span> 
     </span>
     <span class='ocr_line' id='line_1_10' title="bbox 169 512 1348 563; baseline -0.001 -13"><span class='ocrx_word' id='word_1_36' title='bbox 169 513 423 551; x_wconf 88' lang='lat' dir='ltr'>articulorum</span> <span class='ocrx_word' id='word_1_37' title='bbox 444 514 591 550; x_wconf 85' lang='lat' dir='ltr'>morbis</span> <span class='ocrx_word' id='word_1_38' title='bbox 612 519 792 562; x_wconf 82' lang='lat' dir='ltr'>prosunt,</span> <span class='ocrx_word' id='word_1_39' title='bbox 813 513 937 549; x_wconf 85' lang='lat' dir='ltr'>bacae</span> <span class='ocrx_word' id='word_1_40' title='bbox 958 515 1186 563; x_wconf 85' lang='lat' dir='ltr'>purgationi</span> <span class='ocrx_word' id='word_1_41' title='bbox 1207 512 1348 550; x_wconf 87' lang='lat' dir='ltr'>femin-</span> 
     </span>
     <span class='ocr_line' id='line_1_11' title="bbox 168 566 1347 616; baseline -0.001 -13"><span class='ocrx_word' id='word_1_42' title='bbox 168 581 294 610; x_wconf 85' lang='lat' dir='ltr'>arum,</span> <span class='ocrx_word' id='word_1_43' title='bbox 343 567 536 610; x_wconf 84' lang='lat' dir='ltr'>coeliacis,</span> <span class='ocrx_word' id='word_1_44' title='bbox 586 566 850 616; x_wconf 74' lang='lat' dir='ltr'>dysintericis,</span> <span class='ocrx_word' id='word_1_45' title='bbox 899 566 1114 602; x_wconf 85' lang='lat' dir='ltr'>cholericis.</span> <span class='ocrx_word' id='word_1_46' title='bbox 1168 569 1208 602; x_wconf 92' lang='lat' dir='ltr'>in</span> <span class='ocrx_word' id='word_1_47' title='bbox 1257 569 1347 603; x_wconf 65' lang='lat' dir='ltr'>vino</span> 
     </span>
     <span class='ocr_line' id='line_1_12' title="bbox 167 619 1347 670; baseline 0 -14"><span class='ocrx_word' id='word_1_48' title='bbox 167 626 287 670; x_wconf 85' lang='lat' dir='ltr'>potae</span> <span class='ocrx_word' id='word_1_49' title='bbox 305 623 452 656; x_wconf 87' lang='lat' dir='ltr'>sistunt</span> <span class='ocrx_word' id='word_1_50' title='bbox 470 620 613 656; x_wconf 74' lang='lat' dir='ltr'>alvum.</span> <span class='ocrx_word' id='word_1_51' title='bbox 668 620 781 656; x_wconf 81' lang='lat' dir='ltr'>radix</span> <span class='ocrx_word' id='word_1_52' title='bbox 799 620 964 656; x_wconf 89' lang='lat' dir='ltr'>decocta</span> <span class='ocrx_word' id='word_1_53' title='bbox 983 625 1025 656; x_wconf 87' lang='lat' dir='ltr'>et</span> <span class='ocrx_word' id='word_1_54' title='bbox 1040 619 1154 656; x_wconf 88' lang='lat' dir='ltr'>inlita</span> <span class='ocrx_word' id='word_1_55' title='bbox 1173 620 1347 656; x_wconf 79' lang='lat' dir='ltr'>extrahit</span> 
     </span>
     <span class='ocr_line' id='line_1_13' title="bbox 166 673 1345 723; baseline 0 -14"><span class='ocrx_word' id='word_1_56' title='bbox 166 673 287 710; x_wconf 85' lang='lat' dir='ltr'>infixa</span> <span class='ocrx_word' id='word_1_57' title='bbox 324 676 488 723; x_wconf 83' lang='lat' dir='ltr'>corpori,</span> <span class='ocrx_word' id='word_1_58' title='bbox 525 673 733 709; x_wconf 85' lang='lat' dir='ltr'>utilissima</span> <span class='ocrx_word' id='word_1_59' title='bbox 771 679 812 709; x_wconf 91' lang='lat' dir='ltr'>et</span> <span class='ocrx_word' id='word_1_60' title='bbox 847 673 994 709; x_wconf 81' lang='lat' dir='ltr'>luxatis</span> <span class='ocrx_word' id='word_1_61' title='bbox 1030 674 1345 722; x_wconf 84' lang='lat' dir='ltr'>tumoribusque.</span> 
     </span>
     <span class='ocr_line' id='line_1_14' title="bbox 168 725 1345 776; baseline 0 -13"><span class='ocrx_word' id='word_1_62' title='bbox 168 725 356 776; x_wconf 89' lang='lat' dir='ltr'>aquifolia</span> <span class='ocrx_word' id='word_1_63' title='bbox 376 727 491 763; x_wconf 88' lang='lat' dir='ltr'>arbor</span> <span class='ocrx_word' id='word_1_64' title='bbox 510 729 550 762; x_wconf 88' lang='lat' dir='ltr'>in</span> <span class='ocrx_word' id='word_1_65' title='bbox 570 726 687 763; x_wconf 89' lang='lat' dir='ltr'>domo</span> <span class='ocrx_word' id='word_1_66' title='bbox 708 732 778 762; x_wconf 91' lang='lat' dir='ltr'>aut</span> <span class='ocrx_word' id='word_1_67' title='bbox 797 726 887 762; x_wconf 72' lang='lat' dir='ltr'>villa</span> <span class='ocrx_word' id='word_1_68' title='bbox 907 732 995 762; x_wconf 87' lang='lat' dir='ltr'>sata</span> <span class='ocrx_word' id='word_1_69' title='bbox 1014 726 1204 762; x_wconf 86' lang='lat' dir='ltr'>veneficia</span> <span class='ocrx_word' id='word_1_70' title='bbox 1225 732 1345 763; x_wconf 89' lang='lat' dir='ltr'>arcet.</span> 
     </span>
     <span class='ocr_line' id='line_1_15' title="bbox 167 778 1347 829; baseline -0.001 -13"><span class='ocrx_word' id='word_1_71' title='bbox 167 779 262 816; x_wconf 88' lang='lat' dir='ltr'>flore</span> <span class='ocrx_word' id='word_1_72' title='bbox 299 783 381 816; x_wconf 90' lang='lat' dir='ltr'>eius</span> <span class='ocrx_word' id='word_1_73' title='bbox 417 793 561 829; x_wconf 88' lang='lat' dir='ltr'>aquam</span> <span class='ocrx_word' id='word_1_74' title='bbox 596 780 757 829; x_wconf 85' lang='lat' dir='ltr'>glaciari</span> <span class='ocrx_word' id='word_1_75' title='bbox 792 778 1042 829; x_wconf 82' lang='lat' dir='ltr'>Pythagoras</span> <span class='ocrx_word' id='word_1_76' title='bbox 1076 779 1214 823; x_wconf 85' lang='lat' dir='ltr'>tradit,</span> <span class='ocrx_word' id='word_1_77' title='bbox 1248 782 1347 816; x_wconf 91' lang='lat' dir='ltr'>item</span> 
     </span>
     <span class='ocr_line' id='line_1_16' title="bbox 169 832 1348 882; baseline 0 -13"><span class='ocrx_word' id='word_1_78' title='bbox 169 833 353 869; x_wconf 91' lang='lat' dir='ltr'>baculum</span> <span class='ocrx_word' id='word_1_79' title='bbox 383 846 432 869; x_wconf 82' lang='lat' dir='ltr'>ex</span> <span class='ocrx_word' id='word_1_80' title='bbox 461 846 508 869; x_wconf 91' lang='lat' dir='ltr'>ea</span> <span class='ocrx_word' id='word_1_81' title='bbox 534 832 685 869; x_wconf 86' lang='lat' dir='ltr'>factum</span> <span class='ocrx_word' id='word_1_82' title='bbox 713 835 753 869; x_wconf 92' lang='lat' dir='ltr'>in</span> <span class='ocrx_word' id='word_1_83' title='bbox 781 833 946 882; x_wconf 72' lang='lat' dir='ltr'>quodvis</span> <span class='ocrx_word' id='word_1_84' title='bbox 974 832 1120 869; x_wconf 88' lang='lat' dir='ltr'>animal</span> <span class='ocrx_word' id='word_1_85' title='bbox 1147 835 1348 877; x_wconf 89' lang='lat' dir='ltr'>emissum,</span> 
     </span>
     <span class='ocr_line' id='line_1_17' title="bbox 167 885 1348 936; baseline 0 -14"><span class='ocrx_word' id='word_1_86' title='bbox 167 889 323 923; x_wconf 82' lang='lat' dir='ltr'>etiarnsi</span> <span class='ocrx_word' id='word_1_87' title='bbox 350 889 449 922; x_wconf 88' lang='lat' dir='ltr'>citra</span> <span class='ocrx_word' id='word_1_88' title='bbox 475 886 664 923; x_wconf 84' lang='lat' dir='ltr'>ceciderit</span> <span class='ocrx_word' id='word_1_89' title='bbox 690 885 853 922; x_wconf 88' lang='lat' dir='ltr'>defectu</span> <span class='ocrx_word' id='word_1_90' title='bbox 878 888 1092 930; x_wconf 86' lang='lat' dir='ltr'>mittentis,</span> <span class='ocrx_word' id='word_1_91' title='bbox 1119 889 1250 935; x_wconf 89' lang='lat' dir='ltr'>ipsum</span> <span class='ocrx_word' id='word_1_92' title='bbox 1276 900 1348 936; x_wconf 90' lang='lat' dir='ltr'>per</span> 
     </span>
     <span class='ocr_line' id='line_1_18' title="bbox 166 939 1348 989; baseline 0 -13"><span class='ocrx_word' id='word_1_93' title='bbox 166 953 252 976; x_wconf 91' lang='lat' dir='ltr'>sese</span> <span class='ocrx_word' id='word_1_94' title='bbox 270 942 404 989; x_wconf 84' lang='lat' dir='ltr'>cupito</span> <span class='ocrx_word' id='word_1_95' title='bbox 418 939 432 962; x_wconf 80' lang='lat'>2</span> <span class='ocrx_word' id='word_1_96' title='bbox 447 942 607 989; x_wconf 90' lang='lat' dir='ltr'>propius</span> <span class='ocrx_word' id='word_1_97' title='bbox 628 939 773 983; x_wconf 90' lang='lat' dir='ltr'>adlabi,</span> <span class='ocrx_word' id='word_1_98' title='bbox 789 945 873 976; x_wconf 88' lang='lat' dir='ltr'>tam</span> <span class='ocrx_word' id='word_1_99' title='bbox 888 942 1143 989; x_wconf 88' lang='lat' dir='ltr'>praecipuam</span> <span class='ocrx_word' id='word_1_100' title='bbox 1163 945 1348 976; x_wconf 89' lang='lat' dir='ltr'>naturam</span> 
     </span>
     <span class='ocr_line' id='line_1_19' title="bbox 166 992 1214 1030; baseline 0 -1"><span class='ocrx_word' id='word_1_101' title='bbox 166 996 296 1030; x_wconf 91' lang='lat' dir='ltr'>inesse</span> <span class='ocrx_word' id='word_1_102' title='bbox 316 994 456 1029; x_wconf 89' lang='lat' dir='ltr'>arbori.</span> <span class='ocrx_word' id='word_1_103' title='bbox 511 995 596 1030; x_wconf 78' lang='lat' dir='ltr'>taxi</span> <span class='ocrx_word' id='word_1_104' title='bbox 615 993 763 1029; x_wconf 89' lang='lat' dir='ltr'>arboris</span> <span class='ocrx_word' id='word_1_105' title='bbox 783 992 914 1029; x_wconf 90' lang='lat' dir='ltr'>fumus</span> <span class='ocrx_word' id='word_1_106' title='bbox 934 999 1053 1029; x_wconf 86' lang='lat' dir='ltr'>necat</span> <span class='ocrx_word' id='word_1_107' title='bbox 1070 1006 1214 1029; x_wconf 92' lang='lat' dir='ltr'>mures.</span> 
     </span>
    </p>

    <p class='ocr_par' dir='ltr' id='par_1_7' title="bbox 163 1046 1348 1523">
     <span class='ocr_line' id='line_1_20' title="bbox 215 1046 1348 1096; baseline 0.001 -14"><span class='ocrx_word' id='word_1_108' title='bbox 215 1046 405 1083; x_wconf 83' lang='lat' dir='ltr'>LXXIII.</span> <span class='ocrx_word' id='word_1_109' title='bbox 451 1046 535 1083; x_wconf 79' lang='lat' dir='ltr'>Nec</span> <span class='ocrx_word' id='word_1_110' title='bbox 564 1047 682 1083; x_wconf 89' lang='lat' dir='ltr'>rubos</span> <span class='ocrx_word' id='word_1_111' title='bbox 713 1046 763 1082; x_wconf 93' lang='lat' dir='ltr'>ad</span> <span class='ocrx_word' id='word_1_112' title='bbox 790 1046 987 1082; x_wconf 87' lang='lat' dir='ltr'>maleficia</span> <span class='ocrx_word' id='word_1_113' title='bbox 1015 1052 1176 1082; x_wconf 87' lang='lat' dir='ltr'>tantum</span> <span class='ocrx_word' id='word_1_114' title='bbox 1205 1049 1348 1096; x_wconf 88' lang='lat' dir='ltr'>genuit</span> 
     </span>
     <span class='ocr_line' id='line_1_21' title="bbox 169 1099 1348 1149; baseline 0 -13"><span class='ocrx_word' id='word_1_115' title='bbox 169 1105 325 1143; x_wconf 88' lang='lat' dir='ltr'>natura,</span> <span class='ocrx_word' id='word_1_116' title='bbox 351 1099 523 1149; x_wconf 89' lang='lat' dir='ltr'>ideoque</span> <span class='ocrx_word' id='word_1_117' title='bbox 550 1105 591 1136; x_wconf 86' lang='lat' dir='ltr'>et</span> <span class='ocrx_word' id='word_1_118' title='bbox 616 1113 727 1136; x_wconf 86' lang='lat' dir='ltr'>mora</span> <span class='ocrx_word' id='word_1_119' title='bbox 752 1099 824 1143; x_wconf 85' lang='lat' dir='ltr'>his,</span> <span class='ocrx_word' id='word_1_120' title='bbox 850 1099 924 1136; x_wconf 92' lang='lat' dir='ltr'>hoc</span> <span class='ocrx_word' id='word_1_121' title='bbox 951 1105 1012 1136; x_wconf 90' lang='lat' dir='ltr'>est</span> <span class='ocrx_word' id='word_1_122' title='bbox 1036 1099 1099 1136; x_wconf 88' lang='lat' dir='ltr'>vel</span> <span class='ocrx_word' id='word_1_123' title='bbox 1124 1099 1348 1136; x_wconf 89' lang='lat' dir='ltr'>hominibus</span> 
     </span>
     <span class='ocr_line' id='line_1_22' title="bbox 168 1153 1348 1203; baseline 0.001 -14"><span class='ocrx_word' id='word_1_124' title='bbox 168 1154 289 1196; x_wconf 90' lang='lat' dir='ltr'>cibos,</span> <span class='ocrx_word' id='word_1_125' title='bbox 334 1153 457 1190; x_wconf 91' lang='lat' dir='ltr'>dedit.</span> <span class='ocrx_word' id='word_1_126' title='bbox 512 1155 591 1189; x_wconf 80' lang='lat' dir='ltr'>vim</span> <span class='ocrx_word' id='word_1_127' title='bbox 635 1153 787 1189; x_wconf 89' lang='lat' dir='ltr'>habent</span> <span class='ocrx_word' id='word_1_128' title='bbox 831 1153 1015 1196; x_wconf 82' lang='lat' dir='ltr'>siccandi,</span> <span class='ocrx_word' id='word_1_129' title='bbox 1060 1153 1348 1203; x_wconf 85' lang='lat' dir='ltr'>adstringendi,</span> 
     </span>
     <span class='ocr_line' id='line_1_23' title="bbox 168 1206 1346 1256; baseline 0.001 -14"><span class='ocrx_word' id='word_1_130' title='bbox 168 1208 350 1256; x_wconf 73' lang='lat' dir='ltr'>gingivis,</span> <span class='ocrx_word' id='word_1_131' title='bbox 406 1206 585 1249; x_wconf 77' lang='lat' dir='ltr'>tonsillis,</span> <span class='ocrx_word' id='word_1_132' title='bbox 640 1206 882 1256; x_wconf 88' lang='lat' dir='ltr'>genitalibus</span> <span class='ocrx_word' id='word_1_133' title='bbox 937 1206 1346 1243; x_wconf 85' lang='lat' dir='ltr'>accommodatissimi.</span> 
     </span>
     <span class='ocr_line' id='line_1_24' title="bbox 169 1259 1348 1308; baseline 0.002 -13"><span class='ocrx_word' id='word_1_134' title='bbox 169 1259 429 1296; x_wconf 80' lang='lat' dir='ltr'>adversantur</span> <span class='ocrx_word' id='word_1_135' title='bbox 447 1262 694 1308; x_wconf 86' lang='lat' dir='ltr'>serpentium</span> <span class='ocrx_word' id='word_1_136' title='bbox 713 1259 1037 1303; x_wconf 84' lang='lat' dir='ltr'>sceleratissimis,</span> <span class='ocrx_word' id='word_1_137' title='bbox 1055 1259 1348 1297; x_wconf 89' lang='lat' dir='ltr'>haemorrhoidi</span> 
     </span>
     <span class='ocr_line' id='line_1_25' title="bbox 169 1312 1347 1362; baseline 0 -13"><span class='ocrx_word' id='word_1_138' title='bbox 169 1319 211 1349; x_wconf 94' lang='lat' dir='ltr'>et</span> <span class='ocrx_word' id='word_1_139' title='bbox 236 1315 417 1362; x_wconf 87' lang='lat' dir='ltr'>presteri,</span> <span class='ocrx_word' id='word_1_140' title='bbox 442 1312 512 1349; x_wconf 90' lang='lat' dir='ltr'>flos</span> <span class='ocrx_word' id='word_1_141' title='bbox 539 1318 607 1349; x_wconf 87' lang='lat' dir='ltr'>aut</span> <span class='ocrx_word' id='word_1_142' title='bbox 632 1326 743 1349; x_wconf 90' lang='lat' dir='ltr'>mora</span> <span class='ocrx_word' id='word_1_143' title='bbox 767 1314 1050 1362; x_wconf 90' lang='lat' dir='ltr'>scorpionibus,</span> <span class='ocrx_word' id='word_1_144' title='bbox 1075 1313 1239 1350; x_wconf 77' lang='lat' dir='ltr'>vulnera</span> <span class='ocrx_word' id='word_1_145' title='bbox 1263 1316 1347 1350; x_wconf 91' lang='lat' dir='ltr'>sine</span> 
     </span>
     <span class='ocr_line' id='line_1_26' title="bbox 167 1366 1348 1416; baseline 0.001 -14"><span class='ocrx_word' id='word_1_146' title='bbox 167 1366 447 1402; x_wconf 89' lang='lat' dir='ltr'>collectionum</span> <span class='ocrx_word' id='word_1_147' title='bbox 476 1366 650 1415; x_wconf 89' lang='lat' dir='ltr'>periculo</span> <span class='ocrx_word' id='word_1_148' title='bbox 677 1368 863 1416; x_wconf 86' lang='lat' dir='ltr'>iungunt,</span> <span class='ocrx_word' id='word_1_149' title='bbox 891 1368 1023 1403; x_wconf 89' lang='lat' dir='ltr'>urinas</span> <span class='ocrx_word' id='word_1_150' title='bbox 1052 1379 1188 1403; x_wconf 91' lang='lat' dir='ltr'>eorum</span> <span class='ocrx_word' id='word_1_151' title='bbox 1216 1366 1348 1403; x_wconf 89' lang='lat' dir='ltr'>caules</span> 
     </span>
     <span class='ocr_line' id='line_1_27' title="bbox 163 1419 1346 1469; baseline 0.001 -14"><span class='ocrx_word' id='word_1_152' title='bbox 163 1422 281 1456; x_wconf 89' lang='lat' dir='ltr'>cient.</span> <span class='ocrx_word' id='word_1_153' title='bbox 336 1422 465 1456; x_wconf 84' lang='lat' dir='ltr'>teneri</span> <span class='ocrx_word' id='word_1_154' title='bbox 479 1419 494 1441; x_wconf 82' lang='lat'>³</span> <span class='ocrx_word' id='word_1_155' title='bbox 515 1419 740 1456; x_wconf 85' lang='lat' dir='ltr'>tunduntur</span> <span class='ocrx_word' id='word_1_156' title='bbox 761 1422 1077 1469; x_wconf 80' lang='lat' dir='ltr'>exprimiturque</span> <span class='ocrx_word' id='word_1_157' title='bbox 1104 1433 1233 1463; x_wconf 87' lang='lat' dir='ltr'>sucus,</span> <span class='ocrx_word' id='word_1_158' title='bbox 1253 1434 1346 1457; x_wconf 84' lang='lat' dir='ltr'>mox</span> 
     </span>
     <span class='ocr_line' id='line_1_28' title="bbox 166 1472 1346 1523; baseline 0.001 -14"><span class='ocrx_word' id='word_1_159' title='bbox 166 1472 247 1509; x_wconf 93' lang='lat' dir='ltr'>sole</span> <span class='ocrx_word' id='word_1_160' title='bbox 264 1475 419 1522; x_wconf 82' lang='lat' dir='ltr'>cogitur</span> <span class='ocrx_word' id='word_1_161' title='bbox 433 1475 474 1509; x_wconf 91' lang='lat' dir='ltr'>in</span> <span class='ocrx_word' id='word_1_162' title='bbox 489 1473 792 1509; x_wconf 90' lang='lat' dir='ltr'>crassitudinem</span> <span class='ocrx_word' id='word_1_163' title='bbox 807 1473 948 1517; x_wconf 91' lang='lat' dir='ltr'>mellis,</span> <span class='ocrx_word' id='word_1_164' title='bbox 965 1473 1153 1523; x_wconf 85' lang='lat' dir='ltr'>singulari</span> <span class='ocrx_word' id='word_1_165' title='bbox 1169 1473 1346 1510; x_wconf 90' lang='lat' dir='ltr'>remedio</span> 
     </span>
    </p>
   </div>
   <div class='ocr_carea' id='block_1_6' title="bbox 169 1536 1347 1789">
    <p class='ocr_par' dir='ltr' id='par_1_8' title="bbox 169 1536 1347 1619">
     <span class='ocr_line' id='line_1_29' title="bbox 214 1536 1347 1577; baseline 0.001 -11"><span class='ocrx_word' id='word_1_166' title='bbox 214 1536 225 1554; x_wconf 83' lang='lat'>¹</span> <span class='ocrx_word' id='word_1_167' title='bbox 250 1536 434 1576; x_wconf 83' lang='lat' dir='ltr'>aquifoliae</span> <span class='ocrx_word' id='word_1_168' title='bbox 451 1536 534 1566; x_wconf 85' lang='lat' dir='ltr'>folia</span> <span class='ocrx_word' id='word_1_169' title='bbox 553 1536 724 1576; x_wconf 74' lang='lat' dir='ltr'>Mayhoff:</span> <span class='ocrx_word' id='word_1_170' title='bbox 753 1536 918 1576; x_wconf 88' lang='lat' dir='ltr'>aquifolia</span> <span class='ocrx_word' id='word_1_171' title='bbox 936 1536 1098 1577; x_wconf 75' lang='lat' dir='ltr'>Dellejsen</span> <span class='ocrx_word' id='word_1_172' title='bbox 1113 1550 1118 1568; x_wconf 91' lang='lat'>:</span> <span class='ocrx_word' id='word_1_173' title='bbox 1144 1537 1250 1577; x_wconf 84' lang='lat' dir='ltr'>aliqui</span> <span class='ocrx_word' id='word_1_174' title='bbox 1266 1537 1347 1568; x_wconf 86' lang='lat' dir='ltr'>folia</span> 
     </span>
     <span class='ocr_line' id='line_1_30' title="bbox 169 1579 546 1619; baseline 0 -10"><span class='ocrx_word' id='word_1_175' title='bbox 169 1584 225 1610; x_wconf 79' lang='lat' dir='ltr'>aut</span> <span class='ocrx_word' id='word_1_176' title='bbox 240 1579 322 1609; x_wconf 80' lang='lat' dir='ltr'>folia</span> <span class='ocrx_word' id='word_1_177' title='bbox 337 1579 443 1619; x_wconf 89' lang='lat' dir='ltr'>aliqui</span> <span class='ocrx_word' id='word_1_178' title='bbox 458 1579 546 1610; x_wconf 78' lang='lat' dir='ltr'>codd.</span> 
     </span>
    </p>

    <p class='ocr_par' dir='ltr' id='par_1_9' title="bbox 169 1621 1347 1789">
     <span class='ocr_line' id='line_1_31' title="bbox 207 1621 1347 1664; baseline 0.002 -12"><span class='ocrx_word' id='word_1_179' title='bbox 207 1623 219 1640; x_wconf 78' lang='lat'><strong>²</strong></span> <span class='ocrx_word' id='word_1_180' title='bbox 242 1623 359 1662; x_wconf 82' lang='lat' dir='ltr'>cupito</span> <span class='ocrx_word' id='word_1_181' title='bbox 372 1621 554 1664; x_wconf 78' lang='lat' dir='ltr'>Dellessen:</span> <span class='ocrx_word' id='word_1_182' title='bbox 580 1622 696 1653; x_wconf 80' lang='lat' dir='ltr'>cubito</span> <span class='ocrx_word' id='word_1_183' title='bbox 710 1621 882 1662; x_wconf 63' lang='lat' dir='ltr'>fllayhoff:</span> <span class='ocrx_word' id='word_1_184' title='bbox 908 1623 1035 1660; x_wconf 85' lang='lat' dir='ltr'>cubito,</span> <span class='ocrx_word' id='word_1_185' title='bbox 1050 1623 1179 1660; x_wconf 86' lang='lat' dir='ltr'>cubitu,</span> <span class='ocrx_word' id='word_1_186' title='bbox 1193 1623 1347 1654; x_wconf 80' lang='lat' dir='ltr'>recubitu</span> 
     </span>
     <span class='ocr_line' id='line_1_32' title="bbox 170 1665 1347 1748; baseline 0.002 -11"><span class='ocrx_word' id='word_1_187' title='bbox 170 1665 361 1738; x_wconf 48' lang='lat' dir='ltr'>cOgldeorum</span> <span class='ocrx_word' id='word_1_188' title='bbox 382 1706 492 1737; x_wconf 85' lang='lat' dir='ltr'>caules</span> <span class='ocrx_word' id='word_1_189' title='bbox 512 1707 611 1737; x_wconf 81' lang='lat' dir='ltr'>cient.</span> <span class='ocrx_word' id='word_1_190' title='bbox 632 1707 740 1738; x_wconf 82' lang='lat' dir='ltr'>teneri</span> <span class='ocrx_word' id='word_1_191' title='bbox 758 1706 940 1748; x_wconf 68' lang='lat' dir='ltr'>Deilefsen:</span> <span class='ocrx_word' id='word_1_192' title='bbox 981 1708 1081 1739; x_wconf 79' lang='lat' dir='ltr'>cient.</span> <span class='ocrx_word' id='word_1_193' title='bbox 1102 1708 1214 1739; x_wconf 66' lang='lat' dir='ltr'>caules</span> <span class='ocrx_word' id='word_1_194' title='bbox 1232 1718 1347 1739; x_wconf 85' lang='lat' dir='ltr'>eorum</span> 
     </span>
     <span class='ocr_line' id='line_1_33' title="bbox 169 1749 690 1789; baseline -0.002 -8"><span class='ocrx_word' id='word_1_195' title='bbox 169 1751 277 1781; x_wconf 84' lang='lat' dir='ltr'>teneri</span> <span class='ocrx_word' id='word_1_196' title='bbox 292 1749 449 1789; x_wconf 77' lang='lat' dir='ltr'>Mayhoff</span> <span class='ocrx_word' id='word_1_197' title='bbox 457 1763 463 1781; x_wconf 72' lang='grc' dir='ltr'>ε</span> <span class='ocrx_word' id='word_1_198' title='bbox 494 1749 588 1780; x_wconf 82' lang='lat' dir='ltr'>varia</span> <span class='ocrx_word' id='word_1_199' title='bbox 601 1749 690 1780; x_wconf 73' lang='lat' dir='ltr'>codd.</span> 
     </span>
    </p>
   </div>
   <div class='ocr_carea' id='block_1_7' title="bbox 162 1820 1348 2075">
    <p class='ocr_par' dir='ltr' id='par_1_10' title="bbox 162 1820 1348 2075">
     <span class='ocr_line' id='line_1_34' title="bbox 207 1820 1348 1862; baseline 0.002 -12"><span class='ocrx_word' id='word_1_200' title='bbox 207 1824 221 1838; x_wconf 81' lang='lat'><em>⁰</em></span> <span class='ocrx_word' id='word_1_201' title='bbox 245 1820 315 1851; x_wconf 89' lang='lat' dir='ltr'>The</span> <span class='ocrx_word' id='word_1_202' title='bbox 330 1820 469 1861; x_wconf 76' lang='lat' dir='ltr'>vulgate</span> <span class='ocrx_word' id='word_1_203' title='bbox 484 1820 627 1851; x_wconf 74' lang='lat' dir='ltr'>recubitu</span> <span class='ocrx_word' id='word_1_204' title='bbox 642 1821 670 1850; x_wconf 86' lang='lat' dir='ltr'>is</span> <span class='ocrx_word' id='word_1_205' title='bbox 683 1820 865 1861; x_wconf 81' lang='lat' dir='ltr'>explained</span> <span class='ocrx_word' id='word_1_206' title='bbox 880 1821 927 1862; x_wconf 88' lang='lat' dir='ltr'>by</span> <span class='ocrx_word' id='word_1_207' title='bbox 936 1821 1116 1852; x_wconf 89' lang='lat' dir='ltr'>Forcellini</span> <span class='ocrx_word' id='word_1_208' title='bbox 1130 1832 1168 1852; x_wconf 88' lang='lat' dir='ltr'>as</span> <span class='ocrx_word' id='word_1_209' title='bbox 1182 1821 1348 1853; x_wconf 65' lang='lat' dir='ltr'>&amp;absalius</span> 
     </span>
     <span class='ocr_line' id='line_1_35' title="bbox 162 1863 1347 1903; baseline 0.003 -10"><span class='ocrx_word' id='word_1_210' title='bbox 162 1863 216 1893; x_wconf 77' lang='lat' dir='ltr'><em>ille</em></span> <span class='ocrx_word' id='word_1_211' title='bbox 238 1873 331 1903; x_wconf 77' lang='lat' dir='ltr'>quem</span> <span class='ocrx_word' id='word_1_212' title='bbox 357 1863 489 1903; x_wconf 64' lang='lat' dir='ltr'>faciunt</span> <span class='ocrx_word' id='word_1_213' title='bbox 511 1873 645 1903; x_wconf 79' lang='lat' dir='ltr'>corpora</span> <span class='ocrx_word' id='word_1_214' title='bbox 675 1863 713 1894; x_wconf 82' lang='lat' dir='ltr'>in</span> <span class='ocrx_word' id='word_1_215' title='bbox 734 1863 839 1894; x_wconf 74' lang='lat' dir='ltr'>solum</span> <span class='ocrx_word' id='word_1_216' title='bbox 861 1864 981 1895; x_wconf 78' lang='lat' dir='ltr'>durum</span> <span class='ocrx_word' id='word_1_217' title='bbox 1011 1864 1200 1896; x_wconf 76' lang='lat' dir='ltr'>incidentia.</span> <span class='ocrx_word' id='word_1_218' title='bbox 1247 1865 1347 1896; x_wconf 87' lang='lat' dir='ltr'>Some</span> 
     </span>
     <span class='ocr_line' id='line_1_36' title="bbox 162 1905 1345 1948; baseline 0.002 -12"><span class='ocrx_word' id='word_1_219' title='bbox 162 1906 249 1936; x_wconf 73' lang='lat' dir='ltr'>have</span> <span class='ocrx_word' id='word_1_220' title='bbox 265 1916 350 1936; x_wconf 83' lang='lat' dir='ltr'>even</span> <span class='ocrx_word' id='word_1_221' title='bbox 366 1905 515 1946; x_wconf 72' lang='lat' dir='ltr'>thought,</span> <span class='ocrx_word' id='word_1_222' title='bbox 530 1906 609 1936; x_wconf 76' lang='lat' dir='ltr'>that</span> <span class='ocrx_word' id='word_1_223' title='bbox 623 1906 719 1937; x_wconf 84' lang='lat' dir='ltr'>there</span> <span class='ocrx_word' id='word_1_224' title='bbox 734 1907 763 1937; x_wconf 89' lang='lat' dir='ltr'>is</span> <span class='ocrx_word' id='word_1_225' title='bbox 779 1917 823 1937; x_wconf 93' lang='lat' dir='ltr'>an</span> <span class='ocrx_word' id='word_1_226' title='bbox 839 1906 986 1938; x_wconf 87' lang='lat' dir='ltr'>allusion</span> <span class='ocrx_word' id='word_1_227' title='bbox 1001 1910 1039 1938; x_wconf 83' lang='lat' dir='ltr'>to</span> <span class='ocrx_word' id='word_1_228' title='bbox 1054 1907 1113 1938; x_wconf 77' lang='lat' dir='ltr'>the</span> <span class='ocrx_word' id='word_1_229' title='bbox 1130 1908 1345 1948; x_wconf 85' lang='lat' dir='ltr'>boomerang.</span> 
     </span>
     <span class='ocr_line' id='line_1_37' title="bbox 162 1948 1347 1990; baseline 0.002 -11"><span class='ocrx_word' id='word_1_230' title='bbox 162 1949 244 1979; x_wconf 87' lang='lat' dir='ltr'>This</span> <span class='ocrx_word' id='word_1_231' title='bbox 262 1949 342 1979; x_wconf 84' lang='lat' dir='ltr'>does</span> <span class='ocrx_word' id='word_1_232' title='bbox 360 1953 421 1979; x_wconf 81' lang='lat' dir='ltr'>not</span> <span class='ocrx_word' id='word_1_233' title='bbox 439 1950 508 1979; x_wconf 75' lang='lat' dir='ltr'>suit</span> <span class='ocrx_word' id='word_1_234' title='bbox 525 1948 646 1985; x_wconf 74' lang='lat' dir='ltr'>adlabi,</span> <span class='ocrx_word' id='word_1_235' title='bbox 665 1949 734 1980; x_wconf 87' lang='lat' dir='ltr'>and</span> <span class='ocrx_word' id='word_1_236' title='bbox 751 1950 786 1980; x_wconf 88' lang='lat' dir='ltr'>in</span> <span class='ocrx_word' id='word_1_237' title='bbox 803 1949 863 1980; x_wconf 76' lang='lat' dir='ltr'>the</span> <span class='ocrx_word' id='word_1_238' title='bbox 880 1953 1022 1981; x_wconf 75' lang='lat' dir='ltr'>context</span> <span class='ocrx_word' id='word_1_239' title='bbox 1038 1950 1178 1990; x_wconf 70' lang='lat' dir='ltr'>propius</span> <span class='ocrx_word' id='word_1_240' title='bbox 1194 1954 1288 1981; x_wconf 75' lang='lat' dir='ltr'>must</span> <span class='ocrx_word' id='word_1_241' title='bbox 1306 1950 1347 1981; x_wconf 81' lang='lat' dir='ltr'>be</span> 
     </span>
     <span class='ocr_line' id='line_1_38' title="bbox 162 1991 1345 2028; baseline 0.002 -6"><span class='ocrx_word' id='word_1_242' title='bbox 162 2002 280 2022; x_wconf 86' lang='lat' dir='ltr'>nearer</span> <span class='ocrx_word' id='word_1_243' title='bbox 295 1991 354 2022; x_wconf 78' lang='lat' dir='ltr'>the</span> <span class='ocrx_word' id='word_1_244' title='bbox 370 1992 478 2028; x_wconf 86' lang='lat' dir='ltr'>mark,</span> <span class='ocrx_word' id='word_1_245' title='bbox 495 1995 558 2022; x_wconf 79' lang='lat' dir='ltr'>not</span> <span class='ocrx_word' id='word_1_246' title='bbox 572 2001 691 2022; x_wconf 89' lang='lat' dir='ltr'>nearer</span> <span class='ocrx_word' id='word_1_247' title='bbox 706 1991 766 2023; x_wconf 78' lang='lat' dir='ltr'>the</span> <span class='ocrx_word' id='word_1_248' title='bbox 781 1992 938 2023; x_wconf 77' lang='lat' dir='ltr'>thrower.</span> <span class='ocrx_word' id='word_1_249' title='bbox 977 1993 1132 2024; x_wconf 67' lang='lat' dir='ltr'>Recubitza</span> <span class='ocrx_word' id='word_1_250' title='bbox 1146 2003 1242 2024; x_wconf 82' lang='lat' dir='ltr'>arose</span> <span class='ocrx_word' id='word_1_251' title='bbox 1258 1993 1345 2024; x_wconf 79' lang='lat' dir='ltr'>from</span> 
     </span>
     <span class='ocr_line' id='line_1_39' title="bbox 163 2034 1346 2075; baseline 0.002 -11"><span class='ocrx_word' id='word_1_252' title='bbox 163 2044 276 2075; x_wconf 78' lang='lat' dir='ltr'>wrong</span> <span class='ocrx_word' id='word_1_253' title='bbox 289 2034 435 2065; x_wconf 79' lang='lat' dir='ltr'>division</span> <span class='ocrx_word' id='word_1_254' title='bbox 450 2034 488 2065; x_wconf 87' lang='lat' dir='ltr'>of</span> <span class='ocrx_word' id='word_1_255' title='bbox 497 2044 563 2066; x_wconf 77' lang='lat' dir='ltr'>sese</span> <span class='ocrx_word' id='word_1_256' title='bbox 576 2034 695 2066; x_wconf 77' lang='lat' dir='ltr'>cubitu..</span> <span class='ocrx_word' id='word_1_257' title='bbox 743 2035 789 2066; x_wconf 78' lang='lat' dir='ltr'>As</span> <span class='ocrx_word' id='word_1_258' title='bbox 802 2045 822 2066; x_wconf 80' lang='lat' dir='ltr'>a</span> <span class='ocrx_word' id='word_1_259' title='bbox 836 2035 931 2066; x_wconf 79' lang='lat' dir='ltr'>cubit</span> <span class='ocrx_word' id='word_1_260' title='bbox 943 2036 971 2066; x_wconf 86' lang='lat' dir='ltr'>is</span> <span class='ocrx_word' id='word_1_261' title='bbox 984 2039 1046 2066; x_wconf 77' lang='lat' dir='ltr'>not</span> <span class='ocrx_word' id='word_1_262' title='bbox 1058 2035 1111 2066; x_wconf 89' lang='lat' dir='ltr'>far</span> <span class='ocrx_word' id='word_1_263' title='bbox 1123 2036 1176 2066; x_wconf 88' lang='lat' dir='ltr'>for</span> <span class='ocrx_word' id='word_1_264' title='bbox 1188 2046 1209 2066; x_wconf 85' lang='lat' dir='ltr'>a</span> <span class='ocrx_word' id='word_1_265' title='bbox 1221 2035 1346 2066; x_wconf 84' lang='lat' dir='ltr'>missile</span> 
     </span>
    </p>
   </div>
   <div class='ocr_carea' id='block_1_8' title="bbox 169 2080 214 2124">
    <p class='ocr_par' dir='ltr' id='par_1_11' title="bbox 169 2080 214 2124">
     <span class='ocr_line' id='line_1_40' title="bbox 169 2080 214 2124; baseline 0 0"><span class='ocrx_word' id='word_1_266' title='bbox 169 2080 214 2124; x_wconf 76' lang='lat'>84</span> 
     </span>
    </p>
   </div>
  </div>
 </body>
</html>
