1459 2288
385 174 580 211 PLINY:
626 173 889 212 NATURAL
923 173 1159 210 HISTORY

184 280 435 328 nigrioraque
478 283 521 313 et
561 279 758 319 tenuiora,
799 279 884 313 sine
927 275 1094 326 angulis,
1136 278 1176 312 in
1218 276 1360 325 quibus

185 337 359 373 albicant
386 335 580 379 maculae,
608 335 720 372 caule
749 338 908 385 exiguo,
935 337 1056 378 inani,
1084 333 1243 370 floribus
1271 347 1361 383 pur-

184 398 330 445 pureis,
362 394 495 431 radice
527 394 610 431 lata
642 400 687 430 ut
718 407 859 443 rapum
891 393 1014 430 videri
1046 395 1183 442 possit,
1215 395 1360 429 cortice

95 459 153 490 115
180 457 304 503 nigro.
361 455 537 489 nascitur
563 455 603 488 in
630 453 837 495 umbrosis,
866 465 888 488 a
914 454 1058 488 nostris
1085 451 1204 488 tuber
1230 456 1361 487 terrae

96 928 155 958 116

97 1457 154 1487 117

185 518 361 555 vocatur,
376 514 416 548 in
431 511 613 548 omnibus
628 511 796 548 serenda
810 511 1007 554 domibus,
1022 513 1053 547 si
1067 523 1204 547 verum
1219 515 1280 546 est
1295 510 1361 546 ubi

185 577 271 607 sata
294 573 345 607 sit
368 570 467 606 nihil
489 583 631 606 nocere
655 569 760 606 mala
781 569 1086 606 medicamenta.
1142 567 1362 604 amuletum

186 635 342 672 vocant,
356 635 599 678 narrantque
613 634 655 665 et
669 629 909 665 ebrietatem
921 629 1212 677 repraesentari
1225 626 1363 663 addita

185 691 225 724 in
247 690 394 724 vinum.
449 687 561 724 radix
586 692 627 723 et
649 690 809 730 siccata,
832 686 965 723 scillae
987 686 1106 723 modo
1128 688 1282 722 concisa
1303 698 1362 721 re-

184 749 356 796 ponitur.
412 746 648 795 decoquitur
666 746 807 800 cadem
826 745 876 782 ad
893 744 1196 782 crassitudinem
1213 743 1363 787 mellis;

186 819 301 842 suum
319 811 456 842 tamen
475 817 673 841 venenum
693 807 728 840 ei
747 810 821 848 est,
840 804 1100 853 traduntque,
1118 805 1149 839 si
1166 815 1362 852 praegnas

184 864 360 900 radicem
381 877 469 899 eam
490 863 820 913 transgrediatur,
841 863 1026 899 abortum
1046 862 1141 898 fieri.

233 922 421 958 LXVIII.
451 922 524 958 Est
573 928 614 958 et
663 921 790 958 altera
838 921 1078 971 cyclaminos
1126 922 1361 970 cognomine

185 980 483 1024 cissanthemos,
535 980 770 1030 geniculatis
822 980 998 1016 caulibus
1042 981 1293 1028 supervacuis
1341 991 1363 1014 a

185 1043 314 1090 priore
331 1040 495 1083 distans,
512 1041 613 1076 circa
627 1039 784 1075 arbores
797 1051 839 1075 se
852 1038 1024 1082 volvens,
1041 1040 1160 1074 acinis
1175 1037 1362 1080 hederae,

186 1099 257 1135 sed
285 1098 483 1141 mollibus,
513 1097 607 1135 flore
637 1097 820 1140 candido,
850 1100 1039 1147 specioso,
1069 1096 1200 1133 radice
1229 1109 1362 1145 super-

186 1171 320 1194 vacua.
377 1160 477 1193 acini
512 1163 670 1194 tantum
704 1159 743 1192 in
772 1170 858 1200 usu,
886 1162 1006 1206 gustu
1035 1168 1142 1191 acres
1177 1161 1218 1192 et
1251 1154 1361 1191 lenti.

186 1219 382 1253 siccantur
400 1218 440 1251 in
460 1216 600 1252 umbra
619 1218 777 1264 tusique
797 1215 1029 1251 dividuntur
1047 1217 1087 1250 in
1104 1213 1295 1263 pastillos.

239 1274 383 1310 LXIX.
416 1273 518 1310 Mihi
542 1280 583 1311 et
605 1277 725 1311 tertia
746 1273 985 1323 cyclaminos
1007 1273 1281 1310 demonstrata
1303 1278 1363 1308 est

186 1336 422 1384 cognomine
455 1333 753 1376 chamaecissos,
789 1346 866 1369 uno
899 1335 1058 1369 omnino
1091 1330 1199 1375 folio,
1232 1331 1363 1367 radice

187 1406 353 1435 ramosa,
374 1405 453 1441 qua
472 1395 597 1441 pisces
617 1397 821 1428 necantur.

233 1451 355 1487 LXX.
386 1450 464 1488 Sed
500 1453 606 1487 inter
642 1453 771 1499 prima
808 1449 1034 1486 celebratur
1071 1448 1362 1498 peucedanum,

188 1510 505 1546 laudatissimum
530 1512 569 1545 in
594 1509 779 1552 Arcadia,
804 1522 894 1545 mox
921 1507 1188 1544 Samothrace.
1243 1506 1364 1543 caulis

188 1571 224 1605 ei
267 1571 412 1611 tenuis,
456 1568 610 1618 longuS,
654 1567 826 1604 feniculo
869 1567 1018 1610 similis,
1061 1569 1174 1602 iuxta
1216 1571 1363 1602 terram

188 1626 362 1670 foliosus,
396 1627 529 1663 radice
564 1629 689 1676 nigra,
724 1639 866 1668 crassa,
900 1628 1010 1675 gravi
1044 1625 1178 1668 odore,
1213 1637 1361 1660 sucosa.

187 1689 365 1736 gignitur
390 1688 430 1722 in
456 1686 657 1722 montibus
685 1687 830 1735 opacis,
857 1683 1006 1721 foditur
1030 1686 1141 1720 exitu
1168 1685 1361 1720 autumni.

188 1745 349 1794 placent
374 1747 615 1782 tenerrimae
643 1749 684 1780 et
711 1743 925 1780 altissimae
952 1742 1115 1779 radices.
1170 1741 1245 1778 hae
1274 1755 1364 1778 con-

188 1803 374 1840 ciduntur
391 1805 431 1839 in
451 1808 664 1853 quaternos
684 1802 829 1852 digitos
848 1804 967 1838 osseis
986 1800 1156 1838 cultellis
1174 1799 1364 1837 fundunt-

440 1956 453 1970 a
477 1952 566 1982 That
585 1952 621 1987 is,
642 1950 660 1962 “
676 1951 773 1982 earth
790 1949 936 1981 truffie.”

440 1993 452 2012 ὁ
476 1995 565 2025 That
584 1995 621 2030 is,
643 1999 661 2005 ‘⁵
678 1993 942 2034 ivy-flowered.'’

446 2042 457 2055 ⁶
480 2038 570 2069 That
586 2039 623 2074 is,
643 2038 660 2048 ‘²
676 2037 809 2078 ground
824 2036 918 2077 ivy.”

190 2112 259 2136 220
