1459 2288
117 444 156 475 63

115 870 155 899 64

114 1137 154 1166 65

385 71 580 109 PLINY:
627 72 889 109 NATURAL
923 72 1159 110 HISTORY

186 188 263 223 que
285 180 477 211 necantur
498 174 587 210 albo
608 177 702 210 trito
724 180 765 211 et
786 188 876 210 cum
896 174 999 211 lacte
1020 188 1165 223 sparso.
1220 174 1362 211 eodem

186 234 227 264 et
249 228 474 276 phthiriasis
497 227 744 264 emendatur.

238 281 382 317 XXVI.
415 281 493 329 Ipsi
522 280 749 317 Mithridati
776 280 967 317 Crateuas
995 281 1201 330 adscripsit
1228 294 1361 324 unam,

184 334 474 370 mithridatiam
522 339 703 370 vocatam
749 333 855 382 (huic
899 333 994 370 folia
1038 333 1117 370 duo
1163 347 1185 369 a
1229 334 1361 371 radice

186 387 355 423 acantho
408 386 562 430 similia,
615 386 735 423 caulis
787 389 892 423 inter
942 392 1112 436 utraque
1164 389 1361 424 sustinens

185 453 342 476 roseum
369 439 535 488 florem).
590 439 758 476 XXVII.
789 439 956 476 alteram
984 439 1180 483 Lenaeus,
1207 440 1360 477 scordo-

184 496 256 530 tim
278 496 357 529 sive
379 493 571 536 scordion,
591 495 711 541 ipsius
732 506 852 528 manu
873 493 1144 542 descriptam,1
1159 496 1358 542 magnitu-

183 547 276 583 dine
303 546 480 589 cubitali,
507 545 795 595 quadriangulo
822 546 948 589 caule,
975 559 1184 589 ramosam,
1211 559 1362 594 querna

183 599 442 635 similitudine
476 598 578 635 foliis
611 599 863 648 lanuginosis.
917 602 1114 648 reperitur
1146 602 1186 635 in
1220 597 1360 642 Ponto,

182 655 330 701 campis
359 653 573 702 pinguibus
602 653 840 701 umidisque,
869 658 1009 701 gustus
1039 655 1173 688 amari.
1229 658 1290 689 est
1319 658 1361 689 et

182 705 344 742 alterius
375 708 545 755 generis,
577 705 781 742 latioribus
813 704 929 749 foliis,
960 711 1181 742 mentastro
1212 705 1361 749 similis,

181 758 447 808 plurimosque
473 764 643 808 utraque
669 759 719 795 ad
744 772 836 795 usus
861 772 932 808 per
957 772 999 795 se
1026 764 1068 795 et
1092 761 1196 795 inter
1221 758 1297 794 alia
1319 761 1359 794 in

183 812 385 848 antidotis.

223 865 336 901 XXV
340 865 414 901 III.
445 863 716 901 Polemoniam
750 864 815 901 alii
846 864 1123 914 philetaeriam
1155 865 1206 901 ab
1235 870 1361 901 certa

181 921 287 954 mine
342 931 482 967 regum
536 920 774 955 inventionis
830 918 1049 967 appellant,
1105 918 1360 967 Cappadoces

181 977 317 1008 autem
341 971 513 1033 chiliod)
516 974 702 1014 narniam,
726 972 858 1008 radice
883 985 1024 1015 crassa,
1050 971 1219 1008 exilibus
1242 974 1360 1008 ramis

180 1025 323 1074 quibus
346 1027 386 1060 in
409 1027 570 1060 summis
594 1025 769 1074 corymbi
792 1024 1037 1074 dependent,
1059 1026 1172 1074 nigro
1195 1027 1359 1065 semine

179 1084 313 1114 cetero
334 1083 450 1114 rutae
471 1078 620 1121 similis,
642 1080 816 1114 nascitur
836 1080 876 1114 in
897 1080 1099 1114 montosis.

235 1130 384 1167 XXIX.
414 1131 633 1180 Eupatoria
677 1144 835 1180 quoque
880 1133 1032 1181 regiam
1078 1133 1359 1167 auctoritatem

180 1184 317 1228 habet,
342 1184 463 1220 caulis
487 1184 641 1234 lignosi,
666 1187 908 1234 nigricantis,
933 1184 1086 1227 hirsuti,
1111 1184 1293 1220 cubitalis
1319 1190 1360 1220 et

179 1237 392 1287 aliquando
430 1237 642 1287 amplioris,
679 1237 780 1274 foliis
817 1251 888 1287 per
923 1237 1132 1274 intervalla
1168 1240 1360 1286 quinque-

179 1290 261 1327 folii
292 1296 361 1327 aut
390 1291 577 1327 cannabis
606 1304 678 1340 per
702 1294 979 1327 extremitates
1008 1293 1137 1327 incisis
1167 1293 1360 1340 quinque-

180 1347 341 1394 pertito,
378 1347 497 1393 nigris
534 1350 576 1381 et
610 1347 703 1394 ipsis
738 1344 1021 1394 plumosisque,
1057 1344 1190 1381 radice
1225 1357 1359 1393 super-

221 1429 472 1502 ἇᾶἀεεῖἑίρὺειῃ]
483 1427 632 1459 Caesarii
646 1428 744 1459 editio
757 1432 785 1459 et
793 1427 995 1459 Basileensis
1008 1428 1105 1459 edicio
1121 1440 1128 1459 ε
1151 1428 1358 1469 adscriptam

185 1482 219 1502 co
267 1496 286 1509 .‚
303 1482 331 1502 ec
365 1496 371 1502 .

225 1599 240 1613 ⁴²
262 1595 332 1626 The
358 1595 414 1626 old
438 1595 578 1636 reading
602 1595 812 1635 descriptam,
839 1594 1005 1635 although
1029 1595 1137 1626 found
1161 1595 1194 1626 in
1219 1605 1263 1626 no
1287 1595 1356 1626 MS.

180 1638 248 1669 and
276 1639 311 1669 in
339 1649 383 1669 no
412 1638 553 1669 modern
583 1639 722 1674 edition,
752 1639 780 1668 is
809 1637 978 1678 probably
1005 1638 1114 1678 right;
1155 1637 1359 1678 adscriptam

180 1681 290 1721 might
316 1681 420 1721 easily
449 1681 536 1711 have
563 1681 647 1712 been
674 1682 810 1712 written
837 1681 882 1721 by
909 1691 929 1711 a
955 1681 1062 1711 scribe
1087 1680 1163 1711 who
1189 1680 1257 1712 had
1284 1681 1356 1719 just

183 1725 317 1755 written
333 1723 521 1764 adscripsit,
539 1723 705 1764 although
721 1723 781 1754 the
796 1723 941 1754 mistake
958 1734 1038 1764 may
1054 1723 1141 1754 have
1156 1723 1241 1754 been
1257 1724 1357 1754 made

182 1766 228 1806 by
257 1766 386 1807 Pliny's
415 1767 642 1798 amanuensis.
688 1766 843 1797 Another
871 1766 1017 1807 possible
1046 1766 1194 1797 solution
1224 1767 1251 1797 is
1278 1766 1357 1797 that

179 1808 382 1849 adscriptam
403 1809 465 1840 has
487 1809 659 1850 displaced
680 1820 724 1840 an
745 1809 889 1849 entirely
911 1809 1068 1840 different
1090 1809 1192 1845 word,
1215 1809 1298 1840 such
1319 1819 1356 1840 as

178 1852 340 1891 depictam
355 1863 393 1882 or
406 1852 580 1883 collectam.

221 1893 234 1913 ι’
256 1894 427 1931 Polemon,
462 1895 555 1936 King
589 1895 628 1926 of
661 1895 803 1932 Pontus,
837 1894 905 1925 and
943 1894 1164 1931 Philetaerus,
1198 1894 1290 1935 King
1322 1894 1361 1925 of

177 1937 402 1979 Cappadocia.

175 2000 241 2035 182
