1459 2288
139 531 198 562 150

427 157 621 193 PLINY:
667 157 930 194 NATURAL
965 156 1201 194 HISTORY

226 262 384 296 venitur
412 258 496 302 sed,
524 259 592 295 ubi
620 264 769 308 potest,
798 262 900 295 circa
928 259 1147 295 vindemias
1176 261 1393 308 quaeritur.

225 313 322 349 odor
345 315 475 362 gravis
501 314 550 355 ei,
576 313 665 348 setl
690 312 832 349 radicis
859 318 900 348 et
925 311 1018 348 mali
1042 314 1198 362 gravior
1223 324 1272 348 ex
1298 311 1400 348 albo.

225 366 331 402 mala
353 371 511 402 matura
533 368 573 401 in
597 366 738 402 umbra
761 368 970 401 siccantur.
1025 378 1140 401 sucus
1165 377 1214 401 ex
1237 364 1297 401 his
1320 365 1403 401 sole

225 419 430 462 densatur,
463 422 563 455 item
595 418 736 455 radicis
770 424 884 455 tusae
917 418 980 454 vel
1012 421 1052 454 in
1085 421 1175 455 vino
1207 420 1320 468 nigro
1353 418 1403 455 ad

225 475 365 508 tertias
386 472 590 509 decoctae.
645 471 740 508 folia
760 477 968 508 servantur
987 474 1028 507 in
1048 474 1189 514 muria,
1210 472 1404 508 efficacius

225 525 335 561 albi.2
387 538 475 562 rore
501 531 701 562 tactorum
718 526 733 549 3
755 538 870 561 sucus
893 527 1016 574 pestis
1040 531 1114 561 est.
1168 527 1222 561 sie
1245 537 1404 574 quoque

226 581 368 615 noxiae
402 581 516 615 vires.
571 579 830 629 gravedinem
864 577 1052 615 adferunt
1086 581 1209 614 etiam
1241 577 1404 622 olfactu,

226 645 470 681 quamquam
495 632 601 668 mala
625 635 665 668 in
691 632 832 681 aliquis
858 634 973 668 terris
998 631 1257 675 manduntur,
1282 633 1403 668 nimio

226 691 363 722 tamen
411 686 531 722 odore
579 686 862 722 obmutescunt
908 687 1050 735 ignari,
1096 690 1194 734 potu
1241 684 1403 733 quidem

225 738 395 788 largiore
421 742 543 775 etiam
568 741 802 775 moriuntur.
858 740 914 774 vis
938 737 1142 775 somnifica
1164 751 1235 787 pro
1259 738 1405 774 viribus

224 793 462 828 bibentium.
528 792 661 828 media
688 795 798 841 potio
826 791 960 841 cyathi
988 794 1114 828 unius.
1180 792 1330 828 bibitur
1363 797 1405 828 et

225 851 364 882 contra
380 851 587 894 serpentes
610 851 651 882 et
672 851 766 882 ante
788 848 983 881 sectiones
1003 847 1334 894 punctionesque,
1355 857 1405 881 ne

226 901 464 935 sentiantur.
519 900 569 935 ob
591 898 690 935 haec
713 901 808 935 satis
832 904 893 934 est
916 898 1057 947 aliquis
1080 911 1262 934 somnum
1283 897 1404 934 odore

226 955 440 1001 quaesisse.
495 953 645 989 bibitur
666 958 707 988 et
726 965 797 1001 pro
820 951 1024 988 helleboro
1044 951 1198 988 duobus
1218 951 1342 988 obolis
1364 954 1404 987 in

226 1005 353 1042 mulso
369 1005 632 1041 4——efficacius
655 1004 1008 1042 helleborum—ad
1031 1007 1265 1042 vomitiones
1290 1010 1332 1041 et
1355 1004 1404 1041 ad

224 1059 346 1095 bilem
367 1061 521 1109 nigram
541 1058 843 1095 extrahendam.

257 1187 263 1193 ⁸
282 1145 293 1162 1
317 1145 357 1180 ei,
373 1148 425 1175 set
439 1143 603 1184 Detlefsen
614 1151 693 1184 post
704 1143 808 1175 Hard.
824 1147 852 1174 et
866 1143 933 1175 cod.
949 1143 1045 1180 Dal.;
1069 1144 1110 1180 ei,
1126 1146 1165 1174 ut
1179 1146 1215 1174 et
1229 1143 1387 1184 Mayhoff
1395 1156 1402 1174 :

234 1197 306 1248 elu²s
314 1187 482 1260 ἒίέὶὲἕὲᾄυε
519 1229 598 1260 albi.
636 1240 710 1260 rore
751 1229 881 1260 Urlichs
917 1232 945 1259 et
981 1228 1145 1269 Deilefsen
1161 1241 1167 1260 :
1218 1228 1404 1266 efficacius;

237 1272 345 1303 salsus
362 1283 436 1303 rore
454 1272 611 1312 sslayhoff
623 1285 629 1303 :
661 1273 759 1303 albus
777 1283 843 1302 non
860 1272 927 1303 albi
946 1272 1035 1303 codd.

278 1315 291 1333 ³
316 1319 488 1346 tactorum
516 1315 702 1355 Detlefsen:
744 1319 882 1346 tantum
912 1314 1075 1355 Mayhoff,
1099 1314 1213 1346 codd.:
1246 1325 1309 1355 pro
1330 1325 1405 1346 rore

236 1361 375 1389 tantum
392 1358 476 1389 coni.
495 1358 658 1388 rorulenti
680 1357 820 1389 Urlichs.

279 1402 292 1421 ⁴
316 1400 372 1432 Sic
389 1400 540 1431 distinxit
557 1401 720 1441 Mayhoff.

268 1517 282 1531 ‘²
305 1514 527 1549 Dioscorides,
549 1513 606 1544 IV.
630 1515 669 1544 75
692 1513 908 1552 (Weflmann)
929 1513 1011 1544 has:
1044 1512 1112 1544 ἔστι
1132 1512 1166 1544 δὲ
1184 1511 1404 1554 ἐνεργέστερος

223 1559 280 1587 τοῦ
295 1556 378 1587 ὀποῦ
398 1556 415 1587 ὁ
433 1556 538 1596 χυλός.
586 1555 645 1587 οὐκ
661 1555 695 1587 ἐν
712 1555 806 1588 παντὶ
826 1556 859 1587 δὲ
874 1555 967 1596 τόπῳ
987 1555 1139 1597 φέρουσιν
1155 1555 1237 1588 ὀπὸν
1255 1556 1289 1587 αἱ
1306 1555 1400 1596 ῥίζαι·

221 1598 426 1630 ὑποδείκνυσι
445 1599 479 1630 δὲ
495 1599 532 1630 τὸ
548 1602 696 1630 τοιοῦτον
711 1598 731 1639 ἡ
750 1601 852 1638 πεῖρα.
902 1599 971 1630 Our
993 1603 1062 1630 two
1084 1599 1285 1630 authorities
1307 1599 1404 1630 differ

224 1642 319 1678 here;
350 1642 445 1673 there
463 1652 568 1672 seems
586 1642 728 1683 nothing
746 1643 779 1673 in
797 1642 895 1682 Pliny
912 1645 948 1672 to
967 1642 1170 1682 correspond
1186 1645 1222 1672 to
1240 1641 1260 1682 ἡ
1279 1644 1381 1682 πεῖρα.

270 1684 282 1703 ¹²
300 1685 404 1715 What
420 1695 469 1716 we
486 1685 547 1715 call
567 1686 584 1695 ‘⁴
600 1685 658 1715 red
673 1685 691 1696 ’'
709 1686 804 1716 wine.

266 1732 277 1746 ⁶
299 1727 444 1758 Urlich's
466 1727 682 1758 emendation
704 1727 816 1758 would
837 1728 911 1768 give
933 1727 1076 1768 roughly
1098 1727 1157 1758 the
1178 1737 1269 1758 same
1291 1737 1403 1764 sense3

223 1770 405 1810 Mayhoff’s
432 1770 543 1801 would
571 1780 691 1801 mean:
735 1770 860 1801 “more
887 1769 1077 1810 effectively
1104 1771 1138 1801 in
1167 1769 1277 1806 brine;
1317 1770 1404 1810 juice

223 1813 349 1853 merely
370 1813 478 1843 salted
499 1813 544 1853 by
566 1813 624 1843 the
645 1813 717 1843 dew
739 1814 766 1843 is
787 1813 918 1852 deadly.
924 1813 942 1824 ”
989 1812 1143 1861 Mayhoff
1161 1823 1333 1853 compares
1352 1823 1404 1843 ros

221 1857 328 1886 salsus
344 1824 544 1895 (ΧΧΣἾΙξ)7
539 1857 604 1893 71),
622 1855 684 1886 but
700 1855 758 1886 the
769 1855 1002 1886 emendation
994 1866 1022 1886 is
1032 1860 1094 1886 not
1104 1855 1229 1903 happy.
1276 1855 1293 1886 I
1305 1855 1403 1887 think

223 1897 302 1929 that
320 1909 414 1929 rore.
485 1902 554 1929 ,εει
573 1899 600 1929 is
621 1898 726 1938 really
747 1908 767 1928 a
788 1898 1008 1938 parenthesis.
1056 1897 1092 1928 If
1107 1908 1156 1935 so,
1182 1898 1230 1928 sic
1251 1898 1279 1928 is
1299 1898 1401 1929 much

224 1951 316 1971 more
332 1922 479 1971 natural.

267 1982 281 2001 α
304 1984 502 2024 Possibly‚‘
507 1983 579 2014 Its
604 1994 715 2023 power
741 1987 777 2014 to
799 1983 919 2014 induce
944 1983 1034 2024 sleep
1057 1983 1206 2024 depends
1230 1993 1320 2024 upon
1344 1983 1402 2014 the

223 2027 403 2057 resistance
421 2027 582 2065 (reaction
594 2029 622 2066 ¹2)
641 2026 679 2057 of
692 2025 750 2057 the
768 2026 932 2067 patient.'’

227 2099 294 2132 242
