1459 2288
107 550 146 579 79

111 1194 151 1224 80

372 147 567 184 PLINY:
613 147 877 184 NATURAL
911 146 1148 183 HISTORY

172 266 250 288 una
268 252 400 288 radice
421 251 629 300 conplures
650 256 801 287 exeunt
821 250 941 287 filices
961 250 1056 286 bina
1075 252 1197 286 etiam
1217 249 1351 285 cubita

173 311 414 347 excedentes
455 309 720 359 longitudine,
761 322 840 345 non
881 321 1021 358 graves
1062 308 1194 344 odore.
1249 307 1350 343 hanc

172 382 323 406 marem
379 371 622 405 existimant.
678 367 850 404 alterum
904 380 1030 417 genus
1085 366 1347 417 thelypterim

174 428 314 464 Graeci
346 433 502 470 vocant,
534 427 599 463 alii
631 426 899 476 nymphaeam
931 428 1090 475 pterim,
1123 431 1183 462 est
1215 430 1351 461 autem

172 486 378 536 singularis
403 491 524 535 atque
549 499 627 521 non
651 484 852 528 fruticosa,
875 485 1031 521 brevior
1053 483 1287 532 molliorque
1311 488 1353 519 et

170 545 341 587 densior,
378 543 481 580 foliis
519 544 569 580 ad
605 543 779 580 radicem
816 543 1089 579 canaliculata.
1144 544 1352 591 utriusque

171 603 302 639 radice
340 615 428 639 sues
466 605 748 652 pinguescunt,
786 600 882 638 folia
918 604 1125 650 utriusque
1162 600 1351 636 lateribus

171 664 350 711 pinnata,
394 661 500 697 unde
544 674 689 697 nomen
733 660 874 696 Graeci
917 663 1139 709 inposuere.
1194 658 1345 695 radices

173 723 379 769 utriusque
404 719 547 769 longae
573 722 613 755 in
638 719 824 763 oblicum,
849 722 1000 768 nigrae,
1025 720 1237 767 praecipue
1262 730 1352 753 cum

176 782 369 815 inaruere.
425 781 558 815 siccari
577 784 713 814 autem
731 791 796 814 eas
814 777 894 814 sole
912 783 1083 826 oportet.
1138 781 1354 812 nascuntur

173 838 334 886 ubique,
376 837 447 873 sed
488 840 661 873 maxime
705 836 846 886 frigido
888 836 982 872 solo.
1038 834 1156 872 effodi
1197 834 1350 871 debent

175 896 344 945 vergiliis
375 896 658 932 occidentibus.
714 908 805 931 usus
835 894 974 931 radicis
1004 897 1043 930 in
1072 896 1237 931 trimatu
1265 899 1353 929 tan-

174 961 274 998 tum,
300 968 430 1004 neque
456 961 550 991 ante
575 967 647 991 nec
672 960 824 1003 postea.
879 953 1036 1003 pellunt
1058 955 1354 989 interaneorum

174 1013 372 1056 animalia,
402 1026 450 1050 ex
478 1013 537 1049 his
565 1016 719 1049 taenias
747 1026 837 1049 cum
865 1012 998 1055 melle,
1026 1017 1161 1048 cetera
1188 1024 1238 1047 ex
1265 1013 1355 1046 vino

174 1072 279 1108 dulci
314 1072 446 1108 triduo
480 1078 614 1121 potae,
649 1078 818 1120 utraque
853 1070 1057 1107 stomacho
1090 1069 1353 1106 inutilissima.

173 1130 305 1167 alvum
322 1130 438 1167 solvit
456 1133 582 1180 primo
598 1130 720 1167 bilem
736 1129 913 1173 trahens,
930 1143 1021 1166 mox
1040 1142 1198 1178 aquam,
1214 1127 1355 1164 melius

174 1192 327 1226 taenias
372 1203 462 1226 cum
508 1192 696 1225 scamonii
741 1191 824 1238 pari
869 1188 1058 1238 pondere.
1114 1187 1227 1224 radix
1272 1189 1355 1223 eius

174 1248 351 1298 pondere
386 1248 509 1284 duum
543 1247 749 1284 obolorum
783 1260 832 1284 ex
867 1260 971 1296 aqua
1004 1252 1094 1296 post
1127 1248 1243 1282 unius
1276 1245 1354 1282 diei

175 1307 461 1343 abstinentiam
510 1307 673 1349 bibitur,
722 1305 842 1342 melle
892 1310 1166 1355 praegustato,
1215 1310 1354 1340 contra

175 1365 491 1402 rheumatismos.
547 1371 691 1401 neutra
723 1364 856 1401 danda
888 1364 1134 1406 mulieribus,
1168 1365 1357 1412 quoniam

174 1424 346 1473 gravidis
378 1424 576 1467 abortum,
607 1426 749 1460 ceteris
781 1422 1037 1460 sterilitatem
1068 1421 1175 1458 facit.
1230 1420 1356 1457 farina

176 1496 312 1519 earum
330 1483 525 1519 ulceribus
544 1485 683 1519 taetris
700 1484 956 1531 inspergitur,
973 1484 1243 1517 iumentorum
1261 1493 1356 1529 quo-

176 1554 253 1591 que
276 1544 316 1577 in
340 1542 568 1578 cervicibus.
623 1540 717 1577 folia
740 1543 919 1577 cimicem
943 1545 1103 1582 necant,
1127 1544 1356 1588 serpentem

175 1613 253 1636 non
282 1603 492 1650 recipiunt,
521 1599 611 1636 ideo
640 1600 838 1636 substerni
868 1598 965 1635 utile
995 1604 1057 1634 est
1084 1600 1125 1634 in
1153 1597 1245 1634 locis
1275 1610 1355 1633 sus—

176 1662 315 1708 pectis,
357 1665 447 1695 usta
490 1661 613 1695 etiam
654 1657 796 1707 fugant
836 1657 986 1694 nidore.
1041 1655 1172 1693 fecere
1212 1655 1355 1692 medici

220 1799 235 1814 ⁰
258 1795 474 1826 Dioscorides
493 1794 554 1835 (IV
575 1795 649 1832 184)
668 1794 728 1825 has
747 1793 950 1834 ὑποδυσώδη,
972 1791 991 1803 “
1006 1792 1121 1824 rather
1137 1790 1257 1823 rank.”

222 1837 234 1856 ⁸²
257 1838 328 1868 The
349 1837 458 1868 Greek
479 1838 598 1878 πτερόν
618 1847 734 1868 means
758 1836 776 1847 ‘⁴
792 1835 958 1867 feather.'’

218 1885 230 1899 ⁶
253 1880 344 1911 Both
379 1880 552 1911 Detlefsen
591 1880 659 1910 and
693 1879 850 1920 Mayhoff
884 1879 970 1910 omit
1003 1878 1063 1909 the
1098 1887 1232 1909 comma
1266 1876 1354 1908 after

173 1927 391 1964 praeyustato.
438 1923 487 1953 To
515 1923 557 1953 do
585 1933 622 1953 so
649 1923 821 1963 improves
847 1921 907 1952 the
934 1932 998 1952 run
1025 1920 1064 1952 of
1087 1920 1146 1951 the
1173 1923 1352 1951 sentence:

179 1966 197 1978 ‘⁴
212 1967 331 2006 taking
349 1965 459 2006 honey
478 1965 687 1996 beforehand
706 1969 742 1996 to
759 1968 904 2006 prevent
920 1963 1063 1994 fluxes.’'
1109 1963 1180 1994 But
1198 1963 1226 1993 it
1242 1962 1354 1993 leaves

176 2009 420 2040 unmentioned
439 2008 498 2040 the
516 2008 658 2039 ailment
676 2007 729 2039 for
747 2007 857 2038 which
876 2007 945 2038 this
963 2005 1148 2048 particular
1166 2008 1354 2037 treatment

175 2072 246 2118 436
