1459 2288
114 396 154 426 43

383 162 578 199 PLINY:
623 163 887 200 NATURAL
920 163 1156 201 HISTORY

181 271 280 305 item
325 266 549 304 stoechadis
597 272 667 304 aut
713 270 939 304 vettonicae
985 267 1112 304 farina
1158 281 1207 304 ex
1255 281 1358 318 aqua

185 329 322 366 mulsa.

231 389 421 427 XXVIII.
452 388 671 426 Plurimum
706 396 844 426 tamen
879 389 1029 426 homini
1064 393 1214 440 negotii
1248 390 1356 427 alvus

183 451 361 495 exhibet,
375 454 485 487 cuius
499 465 617 488 causa
629 455 754 488 maior
766 465 856 501 pars
869 451 1097 488 mortalium
1110 454 1217 489 vivit.
1263 452 1356 489 alias

182 516 287 550 enim
312 513 417 550 cibos
443 526 522 549 non
546 516 798 556 transmittit,
824 513 919 549 alias
944 526 1022 549 non
1048 515 1240 557 continet,
1262 513 1356 550 alias

181 589 260 611 non
283 577 403 624 capit,
428 574 523 611 alias
547 588 626 611 non
649 575 819 618 conficit,
845 587 971 624 eoque
995 588 1124 611 mores
1147 587 1292 611 venere
1312 581 1358 612 ut

181 636 298 673 homo
318 639 492 673 maxime
513 637 600 673 cibo
620 642 772 685 pereat.
828 638 1043 685 pessimum
1063 649 1270 686 corporum
1290 650 1358 673 vas

181 701 304 734 instat
317 704 362 734 ut
376 697 549 734 creditor
562 703 603 734 et
616 701 772 747 saepius
786 697 851 734 die
865 697 1053 747 appellat.
1102 697 1217 734 huius
1230 701 1360 748 gratia

181 762 393 809 praecipue
419 761 584 796 avaritia
609 762 778 808 expetit,
803 758 893 795 huic
917 759 1072 795 luxuria
1097 759 1244 802 condit,
1268 759 1359 796 huie

181 824 391 871 navigatur
407 820 457 857 ad
473 819 645 864 Phasim,
660 821 750 857 huic
765 820 951 870 profundi
966 820 1068 857 vada
1083 823 1356 870 exquiruntur.

182 888 223 919 et
261 896 378 919 nemo
419 882 617 919 vilitatem
658 885 740 918 eius
781 885 969 919 aestimat
1009 885 1358 919 consummationis

183 944 388 981 foeditate.
445 957 539 994 ergo
562 946 881 980 numerosissima
905 950 966 980 est
989 946 1090 980 circa
1111 943 1213 980 hanc
1235 943 1360 980 medi-

181 1009 293 1042 cinae
328 1019 459 1055 opera.
515 1008 619 1042 sistit
654 1019 743 1042 eam
776 1005 967 1042 scordotis
1000 1018 1138 1042 recens
1171 1005 1359 1042 drachma

182 1081 271 1104 cum
296 1070 386 1104 vino
410 1070 506 1104 trita
531 1067 593 1103 vel
617 1066 783 1104 decocta
806 1073 918 1117 potu,
942 1066 1168 1116 polemonia
1191 1079 1294 1116 quae
1318 1072 1360 1104 et

181 1129 430 1179 dysintericis
463 1142 513 1166 ex
545 1131 635 1165 vino
667 1128 799 1172 datur,
831 1129 1006 1165 verbasci
1038 1128 1150 1165 radix
1182 1134 1279 1178 pota
1310 1141 1359 1165 ex

182 1204 286 1241 aqua
323 1191 492 1228 duorum
525 1191 743 1241 digitorum
776 1190 1070 1240 magnitudine,
1106 1190 1360 1241 nymphaeae

181 1252 379 1290 heracliae
409 1265 546 1289 semen
577 1266 667 1289 cum
697 1255 787 1289 vino
817 1258 958 1302 potum
987 1251 1101 1288 radix
1131 1254 1308 1302 superior
1338 1265 1359 1288 e

182 1314 316 1364 xiphio
346 1314 559 1351 drachmae
588 1314 765 1364 pondere
797 1327 845 1350 ex
876 1319 1003 1357 aceto,
1034 1326 1175 1350 semen
1205 1313 1360 1363 planta-

180 1378 282 1426 ginis
303 1379 344 1412 in
365 1379 455 1413 vino
477 1379 617 1413 tritum
639 1375 702 1412 vel
722 1379 807 1425 ipsa
829 1388 878 1412 ex
901 1381 1015 1412 aceto
1037 1381 1150 1412 cocta
1172 1381 1241 1412 aut
1263 1375 1362 1412 alica

183 1450 231 1474 ex
260 1451 353 1475 suco
382 1441 466 1475 eius
494 1443 668 1487 sumpta,
696 1440 795 1474 item
824 1451 915 1474 cum
942 1436 1131 1474 lenticula
1158 1443 1271 1474 cocta
1299 1437 1362 1474 vel

181 1499 315 1536 aridae
338 1499 465 1536 farina
485 1502 663 1549 inspersa
684 1502 837 1549 potioni
859 1512 948 1535 cum
969 1512 1169 1548 papavere
1190 1505 1297 1536 tosto
1320 1505 1361 1536 et

181 1564 290 1604 trito,
317 1561 380 1598 vel
405 1574 520 1598 sucus
546 1560 697 1597 infusus
725 1566 795 1597 aut
820 1566 952 1610 potus,
979 1563 1180 1597 vettonica
1204 1563 1245 1597 in
1271 1563 1361 1597 vino

182 1622 286 1660 ferro
326 1622 531 1660 calefacto.
589 1622 730 1659 eadem
770 1621 951 1659 coeliacis
991 1624 1032 1658 in
1071 1625 1162 1658 vino
1202 1628 1360 1659 austero

182 1684 314 1729 datur,
358 1684 417 1721 his
462 1690 504 1721 et
547 1684 693 1721 hiberis
736 1686 942 1734 inponitur
984 1687 1043 1721 uti
1087 1683 1240 1720 dictum
1285 1690 1357 1721 est.

227 1822 241 1836 ‘²
263 1817 334 1849 The
354 1817 452 1849 other
472 1816 571 1848 verbs
591 1817 626 1848 in
646 1817 715 1848 this
735 1819 893 1848 sentence
913 1826 970 1847 are
988 1815 1198 1857 intelligibla
1220 1816 1283 1847 but
1302 1816 1361 1847 the

181 1861 360 1892 difference
377 1861 530 1891 between
546 1870 613 1890 non
627 1859 766 1891 continet
783 1859 850 1890 and
867 1869 933 1890 mm
948 1859 1036 1899 capit
1052 1859 1080 1890 is
1095 1859 1181 1890 hard
1196 1862 1233 1890 to
1249 1870 1359 1900 grasp,

182 1904 199 1935 Ι
227 1907 373 1944 suggest,
402 1903 486 1934 with
513 1912 606 1934 some
633 1902 821 1939 diffidence,
850 1902 929 1932 that
956 1901 1015 1932 the
1043 1901 1167 1932 former
1194 1901 1296 1933 refers
1323 1905 1360 1933 to

182 1947 359 1987 vomiting,
386 1946 453 1976 and
477 1945 536 1976 t-he
561 1945 664 1976 latter
687 1948 724 1976 to
748 1945 808 1976 the
834 1944 853 1956 “
869 1944 930 1975 full
954 1944 1077 1985 feeling
1092 1944 1111 1956 '’
1136 1944 1215 1975 that
1239 1945 1360 1984 rejects

181 2000 267 2021 even
304 1989 363 2020 the
401 1992 550 2030 greatest
588 1988 749 2028 delicacy.
797 1988 969 2019 Professor
1006 1987 1170 2019 Andsews
1206 1987 1362 2019 however

181 2036 335 2074 suggests
350 2032 528 2063 diarrhoea
543 2031 611 2062 and
626 2032 881 2072 regurgitation.

182 2095 250 2140 296
