1459 2288
82 252 139 282 127

82 465 141 496 128

86 731 143 761 129

87 1317 143 1348 130

374 143 568 180 PLINY:
615 143 878 180 NATURAL
912 142 1148 180 HISTORY

169 245 371 296 profluvia.
438 245 559 281 Indici
618 244 843 281 differentia
897 244 1048 294 glaebis
1105 247 1351 282 extrinsecus

174 302 308 349 nigris,
333 301 440 335 intus
466 298 573 341 rufis,
599 311 688 334 cum
714 296 893 347 fregeriS,
919 300 998 334 cito
1023 299 1349 347 nigrescentibus.

174 354 386 401 adstringit
415 351 677 387 vehementer
704 364 794 387 cum
823 351 1102 393 amaritudine,
1132 351 1181 388 ad
1211 352 1351 388 eadem

174 409 305 443 omnia
328 405 439 447 utile,
461 405 531 441 sed
553 407 765 453 praecipue
787 404 837 440 ad
858 404 1061 454 genitalia.

221 458 447 495 LXXVIII.
478 457 579 494 Sunt
612 460 679 507 qui
713 463 755 494 et
788 457 1040 494 sarcocollam
1074 460 1210 507 spinae
1245 458 1353 494 lacri-

173 526 280 549 mam
320 517 480 561 putent‚
520 511 653 560 pollini
693 513 791 547 turis
831 511 1011 554 similem,
1051 523 1141 547 cum
1180 511 1352 560 quadam

175 568 388 602 acrimonia
418 564 587 608 dulcem,
622 564 939 600 cumminosam.l
994 566 1098 600 sistit
1131 563 1351 608 fluctiones,

173 619 355 655 inlinitur
402 617 621 654 infantibus
670 620 855 654 maxime.
911 623 1114 654 vetustate
1165 623 1207 654 et
1255 617 1353 654 haec

175 674 376 721 nigrescit,
395 671 533 708 melior
551 684 629 720 quo
647 671 860 707 candidior.

223 724 407 761 LXXIX.
438 724 574 761 L'num
630 727 850 760 etiamnum
907 724 1091 760 arborum
1146 724 1353 761 medicinis

175 779 347 815 debetur
364 777 495 814 nobile
512 777 851 814 medicamentum
870 777 975 827 quod
993 780 1177 826 oporicen
1197 784 1351 815 vocant.

174 832 218 868 fit
241 831 291 868 ad
312 831 572 881 dysintericos
595 830 869 879 stomachique
891 833 987 867 vitia
1008 833 1047 866 in
1069 834 1210 880 congio
1231 834 1351 868 musti

175 885 253 921 albi
270 884 379 921 lento
396 897 541 933 vapore
558 884 731 920 decoctis
748 884 860 920 malis
877 887 1053 920 cotoneis
1071 887 1245 933 quinque
1262 898 1352 920 cum

175 941 253 974 suis
282 938 511 981 seminibus,
540 940 691 986 punicis
720 937 904 981 totidem,
933 938 1136 974 sorborum
1165 940 1352 980 sextario,

175 997 217 1028 et
247 993 331 1040 pari
362 1004 549 1027 mensura
580 994 663 1027 eius
695 990 801 1039 quod
832 990 933 1026 rhun
964 990 1164 1040 Syriacam
1197 996 1351 1034 vocant,

173 1047 273 1081 croci
312 1047 526 1080 semuncia.
582 1046 764 1093 coquitur
801 1057 926 1093 usque
964 1044 1014 1080 ad
1051 1044 1351 1081 crassitudinem

174 1097 312 1134 mellis.

227 1150 388 1187 LXXX.
421 1150 492 1186 His
532 1151 792 1187 subtexemus
834 1163 881 1187 ea
922 1163 1025 1200 quae
1066 1150 1207 1187 Graeci
1249 1164 1352 1187 com-

175 1207 444 1240 municatione
474 1206 678 1240 nominum
709 1206 748 1240 in
780 1204 966 1254 ambiguo
997 1203 1129 1240 fecere
1160 1217 1263 1240 anne
1294 1217 1352 1240 ar-

176 1258 315 1294 borum
343 1263 487 1293 essent.

219 1310 489 1360 Chamaedrys
510 1310 633 1346 herba
651 1316 711 1346 est
728 1323 830 1359 quae
854 1310 997 1346 Latine
1019 1314 1175 1360 trixago
1195 1310 1350 1347 dicitur.

174 1363 292 1413 aliqui
318 1377 405 1400 eam
427 1363 745 1413 chamaeropem,
768 1363 831 1399 alii
853 1363 1060 1400 Teucriam
1086 1364 1349 1413 appellavere.

174 1416 267 1454 folia
290 1416 413 1453 habet
442 1417 718 1467 magnitudine
748 1423 922 1459 mentae,
953 1417 1081 1453 colore
1111 1423 1153 1454 et
1181 1417 1352 1454 divisura

234 1514 244 1531 ¹
270 1514 516 1544 cumminosam
534 1512 707 1554 Deflefsem
728 1513 898 1553 Jlayhoff:
935 1523 1159 1554 gummosam.
1177 1524 1253 1544 cum
1272 1515 1350 1544 vino

177 1562 254 1587 tusa
273 1556 357 1595 ταῖς.

213 1714 227 1728 ‘²
250 1709 441 1741 Sarcocolla
467 1710 494 1740 is
522 1720 542 1740 a
573 1710 681 1741 Greek
706 1710 797 1741 word
821 1710 1050 1750 (σαρκοκόλλα)
1074 1712 1233 1751 meaning
1259 1711 1350 1742 “the

167 1753 319 1783 fastener
349 1753 388 1783 of
417 1756 502 1792 (cut)
535 1752 653 1784 fiesh.'''
700 1753 915 1784 Dioscorides
949 1753 1350 1793 (111.85‚We11mann)

167 1797 261 1836 gives
274 1806 317 1826 an
332 1800 477 1827 account
492 1796 623 1826 similar
635 1800 672 1826 to
689 1796 799 1836 Pliny
803 1807 829 1832 S,
846 1796 907 1827 but
920 1796 1006 1826 adds
1019 1796 1098 1827 that
1116 1797 1143 1826 it
1157 1807 1251 1827 came
1264 1797 1350 1827 from

170 1838 306 1869 Persia:
338 1838 404 1869 ἔστι
427 1839 562 1878 δάκρυον
583 1839 715 1879 δένδρου
735 1840 938 1879 γεννωμένου
959 1838 992 1870 ἐν
1017 1842 1059 1878 τῇ
1081 1840 1230 1878 Περσίδι,
1247 1838 1351 1873 ἐοικὸς

169 1881 337 1921 λιβανωτῷ
369 1881 488 1921 λεπτῷ,
516 1881 701 1921 ὑπόκιρρον,
732 1895 886 1922 εμπικρον
917 1884 956 1920 τῇ
987 1882 1105 1921 γεύσει.
1153 1883 1286 1921 δύναμιν
1317 1882 1351 1914 δε

169 1923 235 1964 ἔχει
271 1924 462 1965 κολλητικὴν
493 1924 684 1964 τραυμάτων
715 1923 768 1956 καὶ
799 1923 972 1965 ἐφεκτικὴν
1007 1927 1072 1956 τῶν
1106 1923 1140 1956 ἐν
1175 1924 1349 1965 ὀφθαλμοῖς

171 1967 224 2004 ῥευ
271 1980 347 1998 των.

217 1980 322 2039 ‘'W'l'he
339 2009 481 2040 Greek'
464 2009 620 2050 οπωρική,
640 2010 758 2041 “fruit
775 2010 971 2041 conserve.’'

176 2082 220 2117 92
