1459 2288
384 157 581 196 PLINY:
626 158 889 196 NATURAL
923 158 1159 196 HISTORY

184 274 261 311 que
283 274 421 298 sucum
441 263 482 297 in
502 261 657 304 umbra,
678 263 809 310 capite
830 263 938 310 prius
960 266 1001 298 et
1021 262 1181 298 naribus
1202 274 1360 298 rosaceo

94 326 153 356 118
177 322 394 370 perunctis,
424 332 474 356 ne
505 322 660 370 vertigo
690 322 899 356 sentiatur.
955 326 996 356 et
1027 319 1125 356 alius
1156 333 1270 356 sucus
1300 322 1358 356 in-

93 794 151 824 119

92 1264 151 1294 120

183 381 340 415 venitur
395 377 573 414 caulibus
629 377 849 415 adhaerens
904 380 1114 428 incisisque
1166 377 1360 415 manans.¹

182 438 374 487 probatur
415 436 676 473 crassitudine
719 437 876 480 mellea,
918 437 1047 474 colore
1094 436 1194 481 rufo,
1241 437 1360 474 odore

182 498 357 532 suaviter
395 498 519 546 gravi,
556 494 712 532 fervens
749 501 881 545 gustu.
936 495 999 532 hic
1035 498 1075 531 in
1112 509 1184 532 usu
1224 501 1361 532 contra

182 554 418 604 serpentes2
439 559 480 590 et
500 554 612 590 radix
634 560 675 590 et
695 554 905 590 decoctum
929 556 1012 590 eius
1036 554 1214 603 plurimis
1237 553 1361 590 medi-

182 615 389 656 camentis,
429 626 522 649 suco
558 618 694 649 tamen
732 613 1011 656 efficacissimo,
1049 615 1115 662 qui
1155 611 1362 649 resolvitur

183 674 325 707 amaris
355 671 577 721 amygdalis
607 677 676 708 aut
704 677 808 715 ruta,
836 671 1099 720 bibiturque3
1127 677 1169 708 et
1197 684 1245 708 ex
1274 670 1361 708 oleo

182 736 395 780 perunctos
416 736 565 767 tuetur.

230 788 374 825 LXXI.
405 788 525 825 Ebuli
554 801 727 838 quoque,
756 802 876 838 quam
904 801 1021 825 nemo
1050 791 1222 838 ignorat,
1251 787 1360 825 fumo

182 847 374 897 fugantur
394 853 613 896 serpentes.

235 905 403 942 LXXII.
433 904 624 942 Privatim
668 906 901 942 adversatur
944 906 1212 955 scorpionibus
1255 904 1361 955 pole-

182 967 339 1001 moniae
361 964 488 1008 radiX,
511 964 572 1001 vel
594 964 813 1014 adalligata
834 970 1007 1008 tantum,
1029 967 1128 1001 item
1148 963 1361 1014 phalangio

183 1037 227 1059 ac
256 1026 399 1060 ceteris
428 1023 647 1060 minoribus
678 1026 897 1066 venenatis,
927 1023 1195 1072 scorpionibus
1225 1025 1361 1059 aristo-

182 1082 323 1125 lochia,
343 1085 544 1132 agaricum
564 1081 688 1118 obolis
709 1088 899 1131 quattuor
917 1084 958 1118 in
976 1084 1055 1118 vini
1074 1083 1189 1118 mixti
1208 1080 1360 1131 cyathis

182 1141 367 1184 totidem,
387 1142 608 1178 verbenaca
627 1146 668 1177 et
688 1140 903 1191 phalangio
922 1154 1013 1177 cum
1032 1143 1123 1177 vino
1142 1146 1212 1177 aut
1230 1153 1360 1190 posca,

183 1202 280 1236 item
301 1199 632 1249 quinquefolium,
652 1199 835 1236 daucum.

228 1258 418 1295 LXXIII.
447 1258 690 1295 Verbascum
705 1258 845 1294 Graeci
858 1257 1046 1307 phlomon
1059 1262 1212 1294 vocant.
1266 1269 1362 1307 gen-

183 1330 250 1354 era
267 1317 391 1354 habet
408 1320 536 1367 prima
554 1317 655 1353 duo:
688 1317 823 1353 album
841 1319 881 1353 in
900 1330 978 1366 quo
996 1330 1080 1352 mas
1098 1315 1359 1366 intellegitur.

183 1376 354 1413 alterum
378 1379 537 1426 nigrum
561 1378 600 1412 in
625 1388 704 1425 quo
728 1375 888 1412 femina.
944 1378 1109 1412 tertium
1133 1388 1258 1425 genus
1283 1388 1359 1411 non

182 1437 254 1471 nisi
282 1437 321 1471 in
348 1435 453 1471 silvis
480 1437 691 1471 invenitur.
746 1440 840 1471 sunt
866 1433 961 1471 folia
986 1434 1181 1471 brassicae
1207 1433 1360 1476 latiora,

235 1530 243 1547 ¹
268 1529 449 1568 incisisque
488 1538 632 1560 manans
670 1527 835 1568 Detlessen
850 1540 856 1558 ε
910 1528 1004 1559 incisi
1044 1537 1179 1568 quoque
1218 1530 1362 1558 manant

186 1572 356 1612 Mayhoff:
390 1571 555 1611 incisique
572 1581 715 1602 manans
731 1575 789 1602 aut
806 1574 925 1602 manat
941 1570 1032 1601 codd.

231 1616 243 1633 ²
268 1618 386 1646 contra
402 1618 577 1655 serpentes
593 1614 746 1645 omittunt
760 1613 906 1654 plerique
923 1613 1032 1645 codd.:
1066 1616 1142 1654 post
1159 1618 1238 1644 ruta
1252 1623 1325 1644 cum
1341 1624 1360 1644 a

184 1658 359 1697 Detlefsen.

228 1701 241 1720 ³
264 1701 309 1732 In
324 1700 393 1732 cod.
411 1711 431 1731 a
448 1701 611 1740 scriptum
626 1704 673 1731 est
690 1701 879 1741 uriturque.

223 1851 237 1866 ⁴²
261 1846 545 1887 Grammatically
578 1857 598 1877 a
632 1845 762 1887 clumsy
789 1856 942 1886 passage,
970 1845 1029 1877 the
1057 1845 1233 1877 confusion
1261 1845 1360 1887 being

178 1891 351 1922 inereased
376 1890 422 1930 by
446 1890 504 1921 the
529 1889 718 1921 accidental
743 1890 903 1920 omission
928 1889 966 1920 of
984 1892 1095 1919 contra
1118 1893 1291 1928 serpentes,
1316 1890 1360 1921 its

178 1934 341 1964 insertion
365 1934 399 1964 in
426 1933 485 1964 the
511 1934 653 1973 margin,
682 1933 751 1964 and
773 1933 987 1963 re-insertion
1015 1932 1214 1963 afterwards
1240 1933 1274 1963 in
1301 1932 1360 1964 the

178 1987 293 2017 wrong
312 1976 419 2016 place.
466 1976 630 2007 Plurimis
647 1975 893 2007 medicamentis
912 1985 1019 2006 seems
1039 1979 1076 2007 to
1096 1975 1137 2006 be
1157 1976 1272 2007 dative
1292 1976 1360 2007 and

177 2030 255 2050 suco
273 2019 495 2061 efficacissimo
513 2019 665 2050 ablativo
683 2019 721 2050 of
736 2019 954 2059 description.

180 2092 249 2116 222
