1459 2288
110 808 167 838 167

109 1288 168 1319 168

397 168 591 205 PLINY:
638 169 900 206 NATURAL
934 169 1170 206 HISTORY

197 284 287 307 cum
313 271 445 307 radice
471 270 803 307 commanducata
828 276 869 307 et
895 270 1084 308 decoctae
1111 284 1160 308 ex
1185 274 1276 308 vino
1302 278 1371 308 aut

198 330 312 360 aceto
365 337 479 360 sucus
532 323 716 367 collutus‚
768 327 866 360 item
919 323 1180 373 quinquefolii
1231 324 1372 361 radicis

197 377 386 414 decoctae
409 377 459 413 ad
482 379 622 413 tertias
642 380 682 413 in
702 380 792 413 vino
806 378 820 400 1
845 383 915 413 aut
940 383 1065 414 aceto.
1121 380 1226 426 prius
1252 391 1370 427 quam

199 430 448 479 decoquatur
476 443 579 479 aqua
606 433 759 466 marina
787 436 857 467 aut
885 430 987 467 salsa
1013 430 1180 467 lavatur.
1235 430 1373 467 decoc-

196 490 284 520 tum
306 484 373 520 diu
396 483 618 520 tenendum
640 486 679 520 in
703 497 781 520 ore.
837 484 1000 533 quidam
1022 487 1153 520 cinere
1178 486 1370 533 quinque-

197 536 279 573 folii
304 536 444 573 fricare
464 537 631 573 malunt.
687 543 729 573 et
749 537 925 573 verbasci
945 537 1057 573 radix
1078 537 1314 586 decoquitur
1332 540 1371 573 in

196 593 286 626 vino
314 590 363 626 ad
390 590 618 626 colluendos
646 590 803 633 dentes,
832 596 873 627 et
899 590 1051 640 hysopo
1078 590 1304 627 colluuntur
1331 596 1373 627 et

197 643 417 692 peucedani
448 657 540 680 suco
570 657 660 680 cum
690 646 883 687 meconio,
913 643 976 680 vel
1005 644 1184 680 radicum
1213 643 1373 693 anagal-

195 697 284 733 lidis
305 699 431 747 magis
452 696 626 733 feminae
647 710 740 733 suco
762 697 811 733 ab
833 697 959 733 altera
979 710 1075 734 nare
1097 710 1217 747 quam
1237 697 1373 734 doleat

195 749 337 786 infuso.

246 803 347 840 CVI.
377 803 571 854 Erigeron
594 817 617 840 a
639 806 783 840 nostris
807 810 970 840 vocatur
992 806 1161 840 senecio.
1217 803 1318 840 hanc
1341 806 1371 840 si

195 856 299 893 ferro
331 859 669 906 circumscriptam
701 856 865 893 effodiat
896 857 1036 906 aliquis
1068 863 1292 907 tangatque
1325 870 1373 893 ea

196 910 362 946 dentem
381 916 422 947 et
441 910 603 946 alternis
621 916 684 946 ter
702 910 873 960 despuat
892 923 936 947 ac
954 916 1122 960 reponat
1139 913 1180 946 in
1199 910 1372 947 eundem

195 963 326 1000 locum
349 966 406 1000 ita
429 969 475 1000 ut
498 966 606 1000 vivat
628 963 766 1007 herba,
791 966 903 1000 aiunt
927 963 1092 1000 dentem
1117 977 1208 1000 eum
1231 969 1372 1013 postea

195 1030 274 1053 non
323 1017 554 1053 doliturum.
608 1016 734 1053 herba
783 1023 844 1053 est
892 1020 1100 1067 trixaginis
1150 1019 1281 1066 specie
1331 1022 1373 1053 et

195 1070 376 1113 mollitia,
393 1070 594 1107 cauliculis
611 1070 926 1107 subrubicundis.
981 1073 1156 1107 nascitur
1171 1073 1211 1106 in
1227 1069 1374 1120 tegulis

197 1130 238 1160 et
258 1126 298 1160 in
319 1126 452 1160 muris.
508 1137 653 1160 nornen
673 1123 747 1160 hoc
769 1123 910 1160 Graeci
932 1123 1145 1167 dederunt,
1166 1126 1260 1173 quia
1279 1136 1372 1160 vere

195 1180 381 1214 canescit.
437 1183 558 1226 caput
589 1180 672 1214 eius
701 1190 914 1213 numerosa
944 1176 1138 1213 dividitur
1166 1177 1371 1226 lanugine,

196 1230 322 1279 qualis
361 1236 422 1267 est
459 1233 610 1280 spinae,
646 1233 753 1267 inter
789 1230 980 1267 divisuras
1019 1236 1208 1273 exeunte,
1246 1243 1369 1280 quare

195 1283 460 1320 Callimachus
485 1297 575 1320 eam
599 1283 814 1320 acanthida
838 1284 1068 1333 appellavit,
1093 1283 1157 1320 alii
1182 1297 1371 1333 pappum.

196 1350 269 1374 nec
292 1337 437 1374 deinde
462 1337 624 1374 Graecis
647 1337 697 1374 de
722 1350 769 1373 ea
791 1343 960 1374 constat.
1016 1337 1082 1373 alii
1106 1350 1247 1373 erucae
1270 1336 1373 1373 foliis

196 1404 282 1427 esse
306 1391 509 1435 dixerunt2
533 1391 599 1427 alii
622 1391 785 1434 roboris,
809 1390 879 1427 sed
901 1393 1055 1427 minora
1077 1390 1218 1434 multo,
1240 1389 1373 1426 radice

193 1444 258 1481 alii
286 1457 544 1494 supervacua,
573 1444 637 1480 alii
670 1447 799 1480 nervis
833 1444 934 1488 utili,
962 1444 1026 1480 alii
1061 1450 1158 1493 potu
1192 1449 1374 1493 strangu-

501 1542 513 1561 ²
538 1542 571 1572 in
589 1542 669 1572 vino
687 1540 844 1581 Mayhofs
855 1553 862 1572 ε
894 1542 974 1572 vino
991 1540 1080 1572 codd.

236 1703 251 1717 ‘²
274 1698 440 1730 However
458 1698 525 1729 thjs
544 1702 700 1729 sentence
718 1699 746 1729 is
764 1698 985 1738 punctuated,
1005 1697 1064 1728 the
1082 1708 1250 1738 grammar
1268 1708 1374 1729 seems

191 1745 228 1772 to
253 1741 294 1772 be
318 1741 504 1782 imperfect.
551 1741 648 1772 XVere
673 1742 699 1771 it
723 1745 785 1772 not
808 1740 860 1771 for
883 1740 942 1771 the
968 1740 1013 1771 vel
1037 1740 1151 1771 before
1174 1740 1324 1771 radicum
1347 1742 1374 1771 it

191 1784 299 1825 might
314 1784 354 1815 be
367 1784 514 1825 thought
528 1783 604 1814 that
618 1783 676 1814 the
690 1783 837 1814 ablative
851 1783 1005 1814 absolute
1017 1793 1093 1814 suco
1106 1783 1216 1823 insu-so
1229 1783 1374 1814 referred

192 1831 228 1858 to
248 1827 465 1867 preh'minary
484 1830 669 1857 treatment
690 1826 803 1857 before
821 1827 946 1866 rinsing
966 1826 1024 1856 the
1042 1825 1138 1857 teeth
1156 1825 1239 1856 with
1258 1836 1320 1857 one
1340 1826 1378 1857 of

191 1869 250 1900 the
270 1869 398 1900 washes
418 1869 612 1900 mentioned
633 1870 666 1899 in
687 1868 746 1899 the
766 1869 923 1909 previous
944 1868 1064 1905 clause,
1086 1868 1149 1899 but
1168 1868 1263 1899 there
1282 1870 1310 1899 is
1329 1879 1373 1899 no

191 1914 336 1943 variant.
384 1912 532 1952 Perhaps
550 1911 608 1942 the
628 1911 673 1942 vel
690 1921 805 1942 means
826 1911 844 1922 “
859 1911 929 1942 The
946 1911 1074 1942 washes
1092 1911 1285 1942 mentioned
1303 1911 1374 1951 just

192 1965 267 1986 now
285 1965 364 1995 may
383 1955 424 1985 be
442 1955 524 1985 used
542 1954 588 1994 by
606 1954 819 1990 themselves,
838 1964 874 1984 or
891 1953 973 1994 they
991 1964 1070 1994 may
1088 1953 1129 1984 be
1147 1954 1311 1994 preceded
1328 1953 1373 1994 by

191 2008 234 2028 an
258 1998 418 2037 injection
443 1997 481 2028 of
499 1998 586 2037 juiee
610 1996 648 2028 of
667 1996 828 2038 anagallis
851 2000 927 2028 root
950 2007 996 2037 up
1019 1996 1078 2028 the
1101 1996 1219 2028 nostrii
1242 1996 1374 2027 further

190 2050 287 2080 away
304 2040 391 2071 from
408 2039 467 2071 the
484 2039 597 2080 pain.”

195 2112 265 2148 254
