1459 2288
127 1003 167 1033 83

391 188 585 226 PLINY:
634 190 897 227 NATURAL
930 189 1166 227 HISTORY

193 293 326 331 cisthis
350 293 450 329 alba.
505 296 706 330 artemisia
729 306 887 342 quoque
907 293 1025 330 datur
1043 299 1181 330 contra
1203 293 1369 330 calculos

195 366 243 389 ex
261 355 351 388 vino
367 351 470 388 dulci
490 358 531 388 et
549 352 599 389 ad
615 355 894 402 stranguriam,
911 352 1065 388 dolores
1082 355 1235 389 vesicae
1253 352 1370 389 sedat

195 424 243 448 ex
264 413 355 447 vino
374 410 487 447 radix
508 410 760 461 nymphaeae
781 410 988 448 heracliae.

252 469 295 505 L.
325 468 478 506 Eadem
507 472 563 505 vis
592 468 771 505 crethmo
801 469 850 505 ab
880 469 1124 519 Hippocrate
1153 469 1368 506 admodum

193 528 410 565 laudatae.1
468 533 528 564 est
548 533 684 564 autem
703 530 808 564 inter
829 541 894 564 eas
915 541 1018 577 quae
1039 528 1212 565 eduntur
1236 528 1368 565 silves-

193 589 313 623 trium
358 585 724 623 herbarum—hanc
771 592 880 623 certe
928 586 1034 636 apud
1081 586 1367 623 Callimachum

193 645 359 695 adponit
407 647 553 681 rustica
601 644 670 681 illa
720 645 1153 694 Hecale—speciesque
1204 645 1334 682 elatae
1354 645 1369 668 2

193 703 431 740 hortensiae.
504 703 625 740 caulis
677 717 778 740 unus
829 703 1006 753 palmum
1059 703 1176 748 altus,
1232 717 1368 741 semen

194 762 365 806 fervens,
391 762 599 799 odoratum
623 775 695 799 ceu
718 762 960 806 libanotidis,
980 762 1219 806 rotundum3
1251 765 1369 799 sicca-

193 827 280 859 tum
298 824 507 871 rumpitur,
527 820 650 857 habet
672 823 779 857 intus
799 821 982 858 nucleum
1003 821 1230 865 candidum,
1250 835 1369 871 quem

194 880 313 929 aliqui
368 879 551 930 cachrym
607 885 760 916 vocant.
829 878 923 916 folia
978 882 1141 929 pinguia
1198 880 1371 916 albicant

194 938 316 976 veluti
342 938 482 982 olivae,
506 941 692 975 crassiora
721 944 762 975 et
788 938 889 975 salsa
914 945 1047 989 gustu,
1077 939 1227 976 radices
1253 939 1368 989 digiti

191 997 448 1034 crassitudine
464 1003 544 1033 tres
565 1003 635 1033 aut
655 1002 855 1046 quattuor.
910 1000 1084 1033 nascitur
1103 1000 1143 1033 in
1162 999 1368 1034 maritimis

193 1058 371 1106 petrosis.
430 1061 538 1092 estur
569 1056 690 1092 cruda
721 1055 911 1092 coctave3
942 1069 1032 1092 cum
1063 1055 1183 1100 olere,
1215 1056 1368 1093 odorati

193 1117 340 1164 saporis
359 1120 400 1151 et
417 1114 599 1157 iucundi3
630 1120 809 1151 servatur
827 1117 949 1151 etiam
966 1117 1006 1150 in
1023 1117 1150 1151 muria
1166 1117 1368 1164 praecipui

194 1187 285 1210 usus
298 1173 314 1197 4
331 1173 380 1210 ad
397 1176 638 1223 strangurias
656 1172 748 1210 folio
765 1173 827 1210 vel
843 1173 954 1209 caule
971 1173 1033 1209 vel
1049 1173 1181 1210 radice
1199 1186 1248 1210 ex
1264 1176 1366 1210 vino.

193 1232 363 1269 colorem
406 1245 564 1281 quoque
606 1234 776 1281 corporis
822 1234 1037 1282 gratiorem
1080 1231 1188 1275 facit,
1232 1245 1368 1269 verum

193 1291 335 1341 largior
354 1290 609 1327 inflationes.5
663 1290 794 1327 alvum
815 1290 932 1327 solvit
953 1291 1131 1334 decocto,
1152 1294 1306 1327 urinam
1327 1297 1370 1328 et

194 1363 217 1386 a
234 1350 393 1386 renibus
412 1362 591 1386 umorem
610 1349 733 1386 trahit
753 1352 853 1386 sicut
873 1349 1037 1386 alcimae
1053 1349 1068 1372 ⁶
1093 1352 1218 1386 siccae
1242 1348 1368 1386 farina

246 1438 257 1457 ¹
280 1437 440 1486 laudatae
472 1438 590 1475 Hard.,
622 1437 663 1468 M
664 1437 778 1478 oyhosf
788 1449 795 1468 :
836 1437 975 1469 laudato
1008 1437 1189 1478 Detlefsen:
1229 1438 1368 1469 laudata

197 1481 512 1560 coffidkigssffcsgdd„
530 1523 704 1563 Mayhoff:
733 1523 879 1554 elatinae
904 1523 1043 1560 Urlichs,
1062 1523 1248 1563 Detzessen:
1277 1523 1368 1555 batis

200 1566 396 1597 Hermolaus
413 1567 580 1597 Barbarus
596 1578 603 1597 ε
635 1566 791 1597 althaeae
809 1566 856 1597 vel
873 1566 1006 1597 malvae
1024 1566 1107 1597 coni.
1126 1566 1288 1607 Mayhoff.

243 1609 256 1627 ³
279 1609 383 1640 cruda
401 1613 541 1640 coctave
559 1609 715 1649 fllayhoff
726 1621 733 1639 ε
766 1609 907 1639 crudum
927 1613 1104 1640 coctumve
1121 1609 1210 1640 codd.

243 1653 256 1672 ¹²
280 1653 453 1693 praecipui
464 1662 544 1683 usus
557 1652 720 1688 Gelenius,
733 1651 895 1692 Detlefsen
907 1664 914 1682 :
940 1653 1118 1692 praecipue
1130 1653 1160 1683 ei
1174 1662 1253 1683 usus
1266 1652 1308 1682 M
1309 1663 1363 1692 ay-

200 1694 270 1736 hoff
281 1707 287 1726 :
322 1696 501 1736 praecipue
522 1705 602 1726 usus
625 1696 694 1733 (aut
714 1697 833 1735 usque)
856 1695 944 1726 codd.
961 1707 968 1725 :
1003 1695 1055 1726 vis
1070 1695 1100 1726 ei
1117 1705 1264 1735 ususque
1279 1695 1364 1726 coni.

200 1737 484 1819 nggffltiones]
502 1780 790 1811 inflammationes
807 1780 891 1811 coni.
911 1779 1075 1820 Maylzoff.

244 1823 257 1842 ὅ
279 1822 420 1854 alcimae
436 1823 554 1859 Ianus,
571 1822 744 1863 Detlefsen,
763 1822 926 1863 Mayhoff,
943 1822 982 1863 cf.
1000 1823 1014 1862 §
1029 1824 1070 1854 45
1087 1834 1093 1853 :
1124 1822 1216 1853 varia
1231 1822 1319 1854 codd.

239 1967 253 1982 ⁰
275 1961 375 1993 Elate
390 1972 459 1993 was
473 1971 494 1992 a
510 1964 597 1992 term
614 1961 665 1992 for
685 1961 745 1993 the
766 1961 971 2002 sprout-tips
988 1961 1027 1992 of
1045 1960 1104 1992 the
1127 1960 1242 1993 dwarf
1258 1961 1363 2002 palm,

196 2004 305 2036 which
320 2015 388 2035 was
403 2008 465 2036 not
482 2004 683 2035 cultivated.
731 2004 881 2044 (A.C.A.)

238 2046 250 2066 ¹³
274 2048 330 2085 Or,
350 2048 370 2060 “
384 2047 520 2089 stony.’'

193 2121 264 2158 324
