<?xml version="1.0" encoding="UTF-8"?>
<!DOCTYPE html PUBLIC "-//W3C//DTD XHTML 1.0 Transitional//EN"
    "http://www.w3.org/TR/xhtml1/DTD/xhtml1-transitional.dtd">
<html xmlns="http://www.w3.org/1999/xhtml" xml:lang="en" lang="en">
 <head>
  <title>
</title>
<meta http-equiv="Content-Type" content="text/html;charset=utf-8" />
  <meta name='ocr-system' content='tesseract 3.04.00' />
  <meta name='ocr-capabilities' content='ocr_page ocr_carea ocr_par ocr_line ocrx_word'/>
</head>
<body>
  <div class='ocr_page' id='page_1' title='image "./naturalhistory07plinuoft_0378.png"; bbox 0 0 1459 2288; ppageno 0'>
   <div class='ocr_carea' id='block_1_1' title="bbox 112 381 171 412">
    <p class='ocr_par' dir='ltr' id='par_1_1' title="bbox 112 381 171 412">
     <span class='ocr_line' id='line_1_1' title="bbox 112 381 171 412; baseline 0.034 -2"><span class='ocrx_word' id='word_1_1' title='bbox 112 381 171 412; x_wconf 80' lang='lat'><strong>123</strong></span> 
     </span>
    </p>
   </div>
   <div class='ocr_carea' id='block_1_2' title="bbox 108 807 168 838">
    <p class='ocr_par' dir='ltr' id='par_1_2' title="bbox 108 807 168 838">
     <span class='ocr_line' id='line_1_2' title="bbox 108 807 168 838; baseline -0.017 0"><span class='ocrx_word' id='word_1_2' title='bbox 108 807 168 838; x_wconf 80' lang='lat'><strong>124</strong></span> 
     </span>
    </p>
   </div>
   <div class='ocr_carea' id='block_1_3' title="bbox 113 1341 172 1373">
    <p class='ocr_par' dir='ltr' id='par_1_3' title="bbox 113 1341 172 1373">
     <span class='ocr_line' id='line_1_3' title="bbox 113 1341 172 1373; baseline 0.034 -2"><span class='ocrx_word' id='word_1_3' title='bbox 113 1341 172 1373; x_wconf 87' lang='lat'><strong>125</strong></span> 
     </span>
    </p>
   </div>
   <div class='ocr_carea' id='block_1_4' title="bbox 399 166 1174 204">
    <p class='ocr_par' dir='ltr' id='par_1_4' title="bbox 399 166 1174 204">
     <span class='ocr_line' id='line_1_4' title="bbox 399 166 1174 204; baseline 0.003 -2"><span class='ocrx_word' id='word_1_4' title='bbox 399 166 594 203; x_wconf 85' lang='lat' dir='ltr'>PLINY:</span> <span class='ocrx_word' id='word_1_5' title='bbox 641 167 904 204; x_wconf 87' lang='lat' dir='ltr'><strong>NATURAL</strong></span> <span class='ocrx_word' id='word_1_6' title='bbox 938 167 1174 204; x_wconf 89' lang='lat' dir='ltr'>HISTORY</span> 
     </span>
    </p>
   </div>
   <div class='ocr_carea' id='block_1_5' title="bbox 196 270 1379 1494">
    <p class='ocr_par' dir='ltr' id='par_1_5' title="bbox 200 270 1375 372">
     <span class='ocr_line' id='line_1_5' title="bbox 200 270 1375 320; baseline 0.001 -14"><span class='ocrx_word' id='word_1_7' title='bbox 200 270 403 319; x_wconf 82' lang='lat' dir='ltr'><strong>ephemeri</strong></span> <span class='ocrx_word' id='word_1_8' title='bbox 438 270 647 306; x_wconf 80' lang='lat' dir='ltr'><strong>tuberibus</strong></span> <span class='ocrx_word' id='word_1_9' title='bbox 680 270 985 319; x_wconf 80' lang='lat' dir='ltr'><strong>tumoribusque</strong></span> <span class='ocrx_word' id='word_1_10' title='bbox 1018 270 1240 307; x_wconf 88' lang='lat' dir='ltr'><strong>inlinuntur</strong></span> <span class='ocrx_word' id='word_1_11' title='bbox 1272 284 1375 320; x_wconf 88' lang='lat' dir='ltr'><strong>quae</strong></span> 
     </span>
     <span class='ocr_line' id='line_1_6' title="bbox 201 323 781 372; baseline 0 -13"><span class='ocrx_word' id='word_1_12' title='bbox 201 327 415 360; x_wconf 77' lang='lat' dir='ltr'><strong>etiamtum</strong></span> <span class='ocrx_word' id='word_1_13' title='bbox 435 323 580 360; x_wconf 77' lang='lat' dir='ltr'><strong>discuti</strong></span> <span class='ocrx_word' id='word_1_14' title='bbox 601 329 781 372; x_wconf 76' lang='lat' dir='ltr'><strong>possunt.</strong></span> 
     </span>
    </p>

    <p class='ocr_par' dir='ltr' id='par_1_6' title="bbox 196 376 1379 1320">
     <span class='ocr_line' id='line_1_7' title="bbox 251 376 1374 426; baseline 0.001 -13"><span class='ocrx_word' id='word_1_15' title='bbox 251 376 433 413; x_wconf 89' lang='lat' dir='ltr'>LXXVI.</span> <span class='ocrx_word' id='word_1_16' title='bbox 466 376 656 412; x_wconf 83' lang='lat' dir='ltr'><strong>Morbum</strong></span> <span class='ocrx_word' id='word_1_17' title='bbox 702 379 858 426; x_wconf 81' lang='lat' dir='ltr'><strong>regium</strong></span> <span class='ocrx_word' id='word_1_18' title='bbox 904 379 944 412; x_wconf 92' lang='lat' dir='ltr'><strong>in</strong></span> <span class='ocrx_word' id='word_1_19' title='bbox 991 376 1113 413; x_wconf 91' lang='lat' dir='ltr'><strong>oculis</strong></span> <span class='ocrx_word' id='word_1_20' title='bbox 1159 380 1374 426; x_wconf 85' lang='lat' dir='ltr'><strong>praecipue</strong></span> 
     </span>
     <span class='ocr_line' id='line_1_8' title="bbox 198 429 1376 479; baseline 0.001 -13"><span class='ocrx_word' id='word_1_21' title='bbox 198 433 330 466; x_wconf 87' lang='lat' dir='ltr'><strong>mirari</strong></span> <span class='ocrx_word' id='word_1_22' title='bbox 359 436 435 473; x_wconf 78' lang='lat' dir='ltr'><strong>est,</strong></span> <span class='ocrx_word' id='word_1_23' title='bbox 462 432 708 466; x_wconf 83' lang='lat' dir='ltr'><strong>tenuitatem</strong></span> <span class='ocrx_word' id='word_1_24' title='bbox 736 432 859 466; x_wconf 90' lang='lat' dir='ltr'><strong>etiam</strong></span> <span class='ocrx_word' id='word_1_25' title='bbox 877 429 891 452; x_wconf 84' lang='lat'>1</span> <span class='ocrx_word' id='word_1_26' title='bbox 918 429 1245 479; x_wconf 84' lang='lat' dir='ltr'><strong>densitatemque</strong></span> <span class='ocrx_word' id='word_1_27' title='bbox 1272 433 1376 467; x_wconf 91' lang='lat' dir='ltr'><strong>tuni-</strong></span> 
     </span>
     <span class='ocr_line' id='line_1_9' title="bbox 198 482 1376 533; baseline 0 -13"><span class='ocrx_word' id='word_1_28' title='bbox 198 483 376 520; x_wconf 90' lang='lat' dir='ltr'><strong>cularum</strong></span> <span class='ocrx_word' id='word_1_29' title='bbox 398 482 492 520; x_wconf 91' lang='lat' dir='ltr'><strong>felle</strong></span> <span class='ocrx_word' id='word_1_30' title='bbox 514 483 727 519; x_wconf 86' lang='lat' dir='ltr'><strong>subeunte.</strong></span> <span class='ocrx_word' id='word_1_31' title='bbox 785 483 1052 532; x_wconf 81' lang='lat' dir='ltr'><strong>Hippocrates</strong></span> <span class='ocrx_word' id='word_1_32' title='bbox 1074 496 1098 520; x_wconf 88' lang='lat' dir='ltr'><strong>a</strong></span> <span class='ocrx_word' id='word_1_33' title='bbox 1118 486 1291 533; x_wconf 91' lang='lat' dir='ltr'><strong>septimo</strong></span> <span class='ocrx_word' id='word_1_34' title='bbox 1311 484 1376 520; x_wconf 90' lang='lat' dir='ltr'><strong>die</strong></span> 
     </span>
     <span class='ocr_line' id='line_1_10' title="bbox 200 535 1374 586; baseline 0 -13"><span class='ocrx_word' id='word_1_35' title='bbox 200 539 240 573; x_wconf 91' lang='lat' dir='ltr'><strong>in</strong></span> <span class='ocrx_word' id='word_1_36' title='bbox 269 535 369 573; x_wconf 88' lang='lat' dir='ltr'><strong>febri</strong></span> <span class='ocrx_word' id='word_1_37' title='bbox 397 535 646 573; x_wconf 89' lang='lat' dir='ltr'><strong>mortiferum</strong></span> <span class='ocrx_word' id='word_1_38' title='bbox 675 539 830 586; x_wconf 85' lang='lat' dir='ltr'><strong>signum</strong></span> <span class='ocrx_word' id='word_1_39' title='bbox 861 549 945 572; x_wconf 85' lang='lat' dir='ltr'><strong>esse</strong></span> <span class='ocrx_word' id='word_1_40' title='bbox 974 536 1092 573; x_wconf 89' lang='lat' dir='ltr'><strong>dicit:</strong></span> <span class='ocrx_word' id='word_1_41' title='bbox 1134 550 1204 573; x_wconf 90' lang='lat' dir='ltr'><strong>nos</strong></span> <span class='ocrx_word' id='word_1_42' title='bbox 1233 540 1374 573; x_wconf 92' lang='lat' dir='ltr'><strong>scimus</strong></span> 
     </span>
     <span class='ocr_line' id='line_1_11' title="bbox 199 589 1377 639; baseline 0.002 -14"><span class='ocrx_word' id='word_1_43' title='bbox 199 592 341 626; x_wconf 75' lang='lat' dir='ltr'><strong>vixisse</strong></span> <span class='ocrx_word' id='word_1_44' title='bbox 366 589 516 639; x_wconf 89' lang='lat' dir='ltr'><strong>aliquos</strong></span> <span class='ocrx_word' id='word_1_45' title='bbox 542 592 664 626; x_wconf 88' lang='lat' dir='ltr'><strong>etiam</strong></span> <span class='ocrx_word' id='word_1_46' title='bbox 689 590 739 625; x_wconf 91' lang='lat' dir='ltr'><strong>ab</strong></span> <span class='ocrx_word' id='word_1_47' title='bbox 764 589 838 626; x_wconf 88' lang='lat' dir='ltr'><strong>hac</strong></span> <span class='ocrx_word' id='word_1_48' title='bbox 864 589 1158 638; x_wconf 83' lang='lat' dir='ltr'><strong>desperatione.</strong></span> <span class='ocrx_word' id='word_1_49' title='bbox 1214 590 1258 627; x_wconf 91' lang='lat' dir='ltr'><strong>fit</strong></span> <span class='ocrx_word' id='word_1_50' title='bbox 1285 603 1377 627; x_wconf 85' lang='lat' dir='ltr'><strong>vero</strong></span> 
     </span>
     <span class='ocr_line' id='line_1_12' title="bbox 200 642 1377 692; baseline 0 -12"><span class='ocrx_word' id='word_1_51' title='bbox 200 649 241 680; x_wconf 88' lang='lat' dir='ltr'><strong>et</strong></span> <span class='ocrx_word' id='word_1_52' title='bbox 269 646 368 679; x_wconf 89' lang='lat' dir='ltr'><strong>citra</strong></span> <span class='ocrx_word' id='word_1_53' title='bbox 396 642 527 679; x_wconf 85' lang='lat' dir='ltr'><strong>febres</strong></span> <span class='ocrx_word' id='word_1_54' title='bbox 557 648 892 692; x_wconf 81' lang='lat' dir='ltr'><strong>expugnaturque</strong></span> <span class='ocrx_word' id='word_1_55' title='bbox 921 646 1127 679; x_wconf 85' lang='lat' dir='ltr'><strong>centaurio</strong></span> <span class='ocrx_word' id='word_1_56' title='bbox 1155 646 1303 680; x_wconf 87' lang='lat' dir='ltr'><strong>maiore</strong></span> <span class='ocrx_word' id='word_1_57' title='bbox 1332 650 1377 680; x_wconf 91' lang='lat' dir='ltr'><strong>ut</strong></span> 
     </span>
     <span class='ocr_line' id='line_1_13' title="bbox 198 696 1377 746; baseline 0.001 -14"><span class='ocrx_word' id='word_1_58' title='bbox 198 697 369 733; x_wconf 83' lang='lat' dir='ltr'><strong>diximus</strong></span> <span class='ocrx_word' id='word_1_59' title='bbox 391 702 500 746; x_wconf 88' lang='lat' dir='ltr'><strong>poto,</strong></span> <span class='ocrx_word' id='word_1_60' title='bbox 523 699 738 739; x_wconf 84' lang='lat' dir='ltr'><strong>vettonica,</strong></span> <span class='ocrx_word' id='word_1_61' title='bbox 762 698 906 746; x_wconf 81' lang='lat' dir='ltr'><strong>agarici</strong></span> <span class='ocrx_word' id='word_1_62' title='bbox 929 696 1055 732; x_wconf 91' lang='lat' dir='ltr'><strong>obolis</strong></span> <span class='ocrx_word' id='word_1_63' title='bbox 1077 697 1203 733; x_wconf 89' lang='lat' dir='ltr'><strong>tribus</strong></span> <span class='ocrx_word' id='word_1_64' title='bbox 1227 710 1275 733; x_wconf 89' lang='lat' dir='ltr'><strong>ex</strong></span> <span class='ocrx_word' id='word_1_65' title='bbox 1298 700 1377 733; x_wconf 90' lang='lat' dir='ltr'><strong>vini</strong></span> 
     </span>
     <span class='ocr_line' id='line_1_14' title="bbox 200 749 1376 800; baseline 0 -14"><span class='ocrx_word' id='word_1_66' title='bbox 200 752 344 786; x_wconf 85' lang='lat' dir='ltr'><strong>veteris</strong></span> <span class='ocrx_word' id='word_1_67' title='bbox 364 749 523 800; x_wconf 81' lang='lat' dir='ltr'><strong>cyatho,</strong></span> <span class='ocrx_word' id='word_1_68' title='bbox 542 752 640 786; x_wconf 87' lang='lat' dir='ltr'><strong>item</strong></span> <span class='ocrx_word' id='word_1_69' title='bbox 660 750 905 786; x_wconf 82' lang='lat' dir='ltr'><strong>verbenacae</strong></span> <span class='ocrx_word' id='word_1_70' title='bbox 925 749 1020 786; x_wconf 85' lang='lat' dir='ltr'><strong>folia</strong></span> <span class='ocrx_word' id='word_1_71' title='bbox 1038 750 1163 786; x_wconf 89' lang='lat' dir='ltr'><strong>obolis</strong></span> <span class='ocrx_word' id='word_1_72' title='bbox 1182 751 1308 786; x_wconf 90' lang='lat' dir='ltr'><strong>tribus</strong></span> <span class='ocrx_word' id='word_1_73' title='bbox 1329 763 1376 787; x_wconf 88' lang='lat' dir='ltr'><strong>ex</strong></span> 
     </span>
     <span class='ocr_line' id='line_1_15' title="bbox 196 803 1377 853; baseline 0.001 -14"><span class='ocrx_word' id='word_1_74' title='bbox 196 806 273 839; x_wconf 79' lang='lat' dir='ltr'><strong>vini</strong></span> <span class='ocrx_word' id='word_1_75' title='bbox 287 803 403 840; x_wconf 86' lang='lat' dir='ltr'><strong>calidi</strong></span> <span class='ocrx_word' id='word_1_76' title='bbox 417 803 578 840; x_wconf 87' lang='lat' dir='ltr'><strong>hemina</strong></span> <span class='ocrx_word' id='word_1_77' title='bbox 592 803 824 852; x_wconf 83' lang='lat' dir='ltr'><strong>quadriduo.</strong></span> <span class='ocrx_word' id='word_1_78' title='bbox 881 803 951 839; x_wconf 91' lang='lat' dir='ltr'><strong>sed</strong></span> <span class='ocrx_word' id='word_1_79' title='bbox 965 803 1169 839; x_wconf 88' lang='lat' dir='ltr'><strong>celerrime</strong></span> <span class='ocrx_word' id='word_1_80' title='bbox 1184 806 1377 853; x_wconf 90' lang='lat' dir='ltr'><strong>quinque—</strong></span> 
     </span>
     <span class='ocr_line' id='line_1_16' title="bbox 199 856 1377 906; baseline 0 -13"><span class='ocrx_word' id='word_1_81' title='bbox 199 856 281 893; x_wconf 90' lang='lat' dir='ltr'><strong>folii</strong></span> <span class='ocrx_word' id='word_1_82' title='bbox 304 870 418 893; x_wconf 90' lang='lat' dir='ltr'><strong>sucus</strong></span> <span class='ocrx_word' id='word_1_83' title='bbox 441 856 628 893; x_wconf 87' lang='lat' dir='ltr'><strong>medetur</strong></span> <span class='ocrx_word' id='word_1_84' title='bbox 650 857 776 893; x_wconf 89' lang='lat' dir='ltr'><strong>tribus</strong></span> <span class='ocrx_word' id='word_1_85' title='bbox 799 856 953 906; x_wconf 87' lang='lat' dir='ltr'><strong>cyathis</strong></span> <span class='ocrx_word' id='word_1_86' title='bbox 977 862 1095 906; x_wconf 91' lang='lat' dir='ltr'><strong>potus</strong></span> <span class='ocrx_word' id='word_1_87' title='bbox 1118 870 1207 893; x_wconf 89' lang='lat' dir='ltr'><strong>cum</strong></span> <span class='ocrx_word' id='word_1_88' title='bbox 1231 857 1311 893; x_wconf 92' lang='lat' dir='ltr'><strong>sale</strong></span> <span class='ocrx_word' id='word_1_89' title='bbox 1335 863 1377 894; x_wconf 90' lang='lat' dir='ltr'><strong>et</strong></span> 
     </span>
     <span class='ocr_line' id='line_1_17' title="bbox 198 909 1378 960; baseline 0 -14"><span class='ocrx_word' id='word_1_90' title='bbox 198 910 349 946; x_wconf 88' lang='lat' dir='ltr'><strong>melle.2</strong></span> <span class='ocrx_word' id='word_1_91' title='bbox 401 910 609 960; x_wconf 86' lang='lat' dir='ltr'><strong>cyclamini</strong></span> <span class='ocrx_word' id='word_1_92' title='bbox 638 910 750 946; x_wconf 85' lang='lat' dir='ltr'><strong>radix</strong></span> <span class='ocrx_word' id='word_1_93' title='bbox 780 909 975 946; x_wconf 86' lang='lat' dir='ltr'><strong>drachmis</strong></span> <span class='ocrx_word' id='word_1_94' title='bbox 1005 911 1132 946; x_wconf 90' lang='lat' dir='ltr'><strong>tribus</strong></span> <span class='ocrx_word' id='word_1_95' title='bbox 1161 910 1311 947; x_wconf 86' lang='lat' dir='ltr'><strong>bibitur</strong></span> <span class='ocrx_word' id='word_1_96' title='bbox 1338 913 1378 946; x_wconf 90' lang='lat' dir='ltr'><strong>in</strong></span> 
     </span>
     <span class='ocr_line' id='line_1_18' title="bbox 198 962 1377 1012; baseline 0.001 -13"><span class='ocrx_word' id='word_1_97' title='bbox 198 963 283 1000; x_wconf 88' lang='lat' dir='ltr'><strong>loco</strong></span> <span class='ocrx_word' id='word_1_98' title='bbox 311 963 438 1000; x_wconf 84' lang='lat' dir='ltr'><strong>calido</strong></span> <span class='ocrx_word' id='word_1_99' title='bbox 467 969 509 1000; x_wconf 87' lang='lat' dir='ltr'><strong>et</strong></span> <span class='ocrx_word' id='word_1_100' title='bbox 538 977 560 999; x_wconf 93' lang='lat' dir='ltr'><strong>a</strong></span> <span class='ocrx_word' id='word_1_101' title='bbox 588 962 908 1012; x_wconf 87' lang='lat' dir='ltr'><strong>perfrictionibus</strong></span> <span class='ocrx_word' id='word_1_102' title='bbox 937 963 1242 1000; x_wconf 87' lang='lat' dir='ltr'><strong>tuto—sudores</strong></span> <span class='ocrx_word' id='word_1_103' title='bbox 1271 966 1377 1000; x_wconf 90' lang='lat' dir='ltr'><strong>enim</strong></span> 
     </span>
     <span class='ocr_line' id='line_1_19' title="bbox 198 1015 1379 1066; baseline 0.001 -13"><span class='ocrx_word' id='word_1_104' title='bbox 198 1016 337 1053; x_wconf 90' lang='lat' dir='ltr'><strong>felleos</strong></span> <span class='ocrx_word' id='word_1_105' title='bbox 380 1015 662 1053; x_wconf 83' lang='lat' dir='ltr'><strong>movet—folia</strong></span> <span class='ocrx_word' id='word_1_106' title='bbox 703 1016 945 1066; x_wconf 84' lang='lat' dir='ltr'><strong>tussilaginis</strong></span> <span class='ocrx_word' id='word_1_107' title='bbox 990 1030 1039 1053; x_wconf 81' lang='lat' dir='ltr'><strong>ex</strong></span> <span class='ocrx_word' id='word_1_108' title='bbox 1083 1030 1199 1066; x_wconf 90' lang='lat' dir='ltr'><strong>aqua,</strong></span> <span class='ocrx_word' id='word_1_109' title='bbox 1242 1030 1379 1054; x_wconf 92' lang='lat' dir='ltr'><strong>semen</strong></span> 
     </span>
     <span class='ocr_line' id='line_1_20' title="bbox 198 1070 1378 1119; baseline 0 -13"><span class='ocrx_word' id='word_1_110' title='bbox 198 1070 398 1107; x_wconf 86' lang='lat' dir='ltr'><strong>linozostis</strong></span> <span class='ocrx_word' id='word_1_111' title='bbox 448 1073 654 1119; x_wconf 91' lang='lat' dir='ltr'><strong>utriusque</strong></span> <span class='ocrx_word' id='word_1_112' title='bbox 704 1073 926 1119; x_wconf 89' lang='lat' dir='ltr'><strong>inspersum</strong></span> <span class='ocrx_word' id='word_1_113' title='bbox 976 1072 1129 1119; x_wconf 92' lang='lat' dir='ltr'><strong>potioni</strong></span> <span class='ocrx_word' id='word_1_114' title='bbox 1179 1070 1241 1106; x_wconf 92' lang='lat' dir='ltr'><strong>vel</strong></span> <span class='ocrx_word' id='word_1_115' title='bbox 1289 1084 1378 1107; x_wconf 91' lang='lat' dir='ltr'><strong>cum</strong></span> 
     </span>
     <span class='ocr_line' id='line_1_21' title="bbox 200 1123 1379 1173; baseline 0 -13"><span class='ocrx_word' id='word_1_116' title='bbox 200 1123 400 1160; x_wconf 85' lang='lat' dir='ltr'><strong>absinthio</strong></span> <span class='ocrx_word' id='word_1_117' title='bbox 415 1129 485 1160; x_wconf 88' lang='lat' dir='ltr'><strong>aut</strong></span> <span class='ocrx_word' id='word_1_118' title='bbox 499 1126 624 1160; x_wconf 86' lang='lat' dir='ltr'><strong>cicere</strong></span> <span class='ocrx_word' id='word_1_119' title='bbox 640 1123 864 1167; x_wconf 85' lang='lat' dir='ltr'><strong>decoctum,</strong></span> <span class='ocrx_word' id='word_1_120' title='bbox 878 1123 1018 1173; x_wconf 84' lang='lat' dir='ltr'><strong>hysopi</strong></span> <span class='ocrx_word' id='word_1_121' title='bbox 1033 1124 1155 1160; x_wconf 87' lang='lat' dir='ltr'><strong>bacae</strong></span> <span class='ocrx_word' id='word_1_122' title='bbox 1171 1137 1260 1160; x_wconf 91' lang='lat' dir='ltr'><strong>cum</strong></span> <span class='ocrx_word' id='word_1_123' title='bbox 1275 1137 1379 1173; x_wconf 87' lang='lat' dir='ltr'><strong>aqua</strong></span> 
     </span>
     <span class='ocr_line' id='line_1_22' title="bbox 199 1177 1378 1227; baseline 0 -13"><span class='ocrx_word' id='word_1_124' title='bbox 199 1183 333 1227; x_wconf 81' lang='lat' dir='ltr'><strong>potae,</strong></span> <span class='ocrx_word' id='word_1_125' title='bbox 364 1177 495 1214; x_wconf 88' lang='lat' dir='ltr'><strong>lichen</strong></span> <span class='ocrx_word' id='word_1_126' title='bbox 526 1177 663 1220; x_wconf 89' lang='lat' dir='ltr'><strong>herba,</strong></span> <span class='ocrx_word' id='word_1_127' title='bbox 695 1179 740 1221; x_wconf 91' lang='lat' dir='ltr'><strong>si,</strong></span> <span class='ocrx_word' id='word_1_128' title='bbox 772 1190 861 1213; x_wconf 92' lang='lat' dir='ltr'><strong>cum</strong></span> <span class='ocrx_word' id='word_1_129' title='bbox 893 1180 1074 1220; x_wconf 88' lang='lat' dir='ltr'><strong>sumitur,</strong></span> <span class='ocrx_word' id='word_1_130' title='bbox 1107 1183 1241 1214; x_wconf 88' lang='lat' dir='ltr'><strong>cetero</strong></span> <span class='ocrx_word' id='word_1_131' title='bbox 1272 1177 1378 1214; x_wconf 88' lang='lat' dir='ltr'><strong>olere</strong></span> 
     </span>
     <span class='ocr_line' id='line_1_23' title="bbox 199 1230 1378 1280; baseline 0 -13"><span class='ocrx_word' id='word_1_132' title='bbox 199 1232 462 1274; x_wconf 88' lang='lat' dir='ltr'><strong>abstineatur,</strong></span> <span class='ocrx_word' id='word_1_133' title='bbox 502 1230 704 1280; x_wconf 85' lang='lat' dir='ltr'><strong>polythrix</strong></span> <span class='ocrx_word' id='word_1_134' title='bbox 744 1233 784 1266; x_wconf 94' lang='lat' dir='ltr'><strong>in</strong></span> <span class='ocrx_word' id='word_1_135' title='bbox 824 1233 915 1267; x_wconf 85' lang='lat' dir='ltr'><strong>vino</strong></span> <span class='ocrx_word' id='word_1_136' title='bbox 954 1230 1062 1273; x_wconf 85' lang='lat' dir='ltr'><strong>data,</strong></span> <span class='ocrx_word' id='word_1_137' title='bbox 1102 1230 1301 1267; x_wconf 87' lang='lat' dir='ltr'><strong>struthion</strong></span> <span class='ocrx_word' id='word_1_138' title='bbox 1338 1233 1378 1267; x_wconf 90' lang='lat' dir='ltr'><strong>in</strong></span> 
     </span>
     <span class='ocr_line' id='line_1_24' title="bbox 200 1284 338 1320; baseline 0 0"><span class='ocrx_word' id='word_1_139' title='bbox 200 1284 338 1320; x_wconf 90' lang='lat' dir='ltr'><strong>mulso.</strong></span> 
     </span>
    </p>

    <p class='ocr_par' dir='ltr' id='par_1_7' title="bbox 200 1336 1379 1494">
     <span class='ocr_line' id='line_1_25' title="bbox 252 1336 1379 1386; baseline 0.001 -13"><span class='ocrx_word' id='word_1_140' title='bbox 252 1336 455 1374; x_wconf 87' lang='lat' dir='ltr'><strong>LXXVII.</strong></span> <span class='ocrx_word' id='word_1_141' title='bbox 486 1336 636 1373; x_wconf 85' lang='lat' dir='ltr'><strong>Passim</strong></span> <span class='ocrx_word' id='word_1_142' title='bbox 683 1343 725 1373; x_wconf 92' lang='lat' dir='ltr'><strong>et</strong></span> <span class='ocrx_word' id='word_1_143' title='bbox 769 1339 808 1373; x_wconf 92' lang='lat' dir='ltr'><strong>in</strong></span> <span class='ocrx_word' id='word_1_144' title='bbox 855 1350 1106 1386; x_wconf 90' lang='lat' dir='ltr'><strong>quacumque</strong></span> <span class='ocrx_word' id='word_1_145' title='bbox 1150 1343 1264 1386; x_wconf 90' lang='lat' dir='ltr'><strong>parte</strong></span> <span class='ocrx_word' id='word_1_146' title='bbox 1309 1337 1379 1374; x_wconf 89' lang='lat' dir='ltr'><strong>sed</strong></span> 
     </span>
     <span class='ocr_line' id='line_1_26' title="bbox 200 1389 1378 1440; baseline -0.001 -13"><span class='ocrx_word' id='word_1_147' title='bbox 200 1394 373 1427; x_wconf 82' lang='lat' dir='ltr'><strong>maxime</strong></span> <span class='ocrx_word' id='word_1_148' title='bbox 388 1390 639 1427; x_wconf 90' lang='lat' dir='ltr'><strong>incommoda</strong></span> <span class='ocrx_word' id='word_1_149' title='bbox 652 1396 870 1427; x_wconf 89' lang='lat' dir='ltr'><strong>naseuntur</strong></span> <span class='ocrx_word' id='word_1_150' title='bbox 884 1393 951 1440; x_wconf 90' lang='lat' dir='ltr'><strong>qui</strong></span> <span class='ocrx_word' id='word_1_151' title='bbox 966 1389 1162 1426; x_wconf 87' lang='lat' dir='ltr'><strong>furunculi</strong></span> <span class='ocrx_word' id='word_1_152' title='bbox 1177 1397 1378 1434; x_wconf 83' lang='lat' dir='ltr'><strong>vocantur,</strong></span> 
     </span>
     <span class='ocr_line' id='line_1_27' title="bbox 200 1443 1377 1494; baseline 0 -13"><span class='ocrx_word' id='word_1_153' title='bbox 200 1443 449 1481; x_wconf 87' lang='lat' dir='ltr'><strong>mortiferum</strong></span> <span class='ocrx_word' id='word_1_154' title='bbox 476 1444 689 1494; x_wconf 87' lang='lat' dir='ltr'><strong>aliquando</strong></span> <span class='ocrx_word' id='word_1_155' title='bbox 714 1443 864 1480; x_wconf 87' lang='lat' dir='ltr'><strong>malum</strong></span> <span class='ocrx_word' id='word_1_156' title='bbox 890 1446 1082 1480; x_wconf 88' lang='lat' dir='ltr'><strong>consectis</strong></span> <span class='ocrx_word' id='word_1_157' title='bbox 1099 1443 1114 1466; x_wconf 84' lang='lat'>3</span> <span class='ocrx_word' id='word_1_158' title='bbox 1140 1445 1377 1494; x_wconf 91' lang='lat' dir='ltr'><strong>corporibus.</strong></span> 
     </span>
    </p>
   </div>
   <div class='ocr_carea' id='block_1_6' title="bbox 203 1528 1382 1741">
    <p class='ocr_par' dir='ltr' id='par_1_8' title="bbox 209 1528 1377 1612">
     <span class='ocr_line' id='line_1_28' title="bbox 256 1528 1377 1569; baseline -0.001 -8"><span class='ocrx_word' id='word_1_159' title='bbox 256 1530 267 1549; x_wconf 87' lang='lat'>¹</span> <span class='ocrx_word' id='word_1_160' title='bbox 291 1531 396 1561; x_wconf 77' lang='lat' dir='ltr'><strong>etiam</strong></span> <span class='ocrx_word' id='word_1_161' title='bbox 412 1529 504 1560; x_wconf 81' lang='lat' dir='ltr'><strong>VRT</strong></span> <span class='ocrx_word' id='word_1_162' title='bbox 519 1529 542 1566; x_wconf 89' lang='lat' dir='ltr'><strong>f,</strong></span> <span class='ocrx_word' id='word_1_163' title='bbox 559 1529 666 1569; x_wconf 71' lang='lat' dir='ltr'><strong>Silliq,</strong></span> <span class='ocrx_word' id='word_1_164' title='bbox 684 1528 856 1569; x_wconf 74' lang='lat' dir='ltr'><strong>Mayhoff:</strong></span> <span class='ocrx_word' id='word_1_165' title='bbox 886 1529 979 1560; x_wconf 81' lang='lat' dir='ltr'><strong>illam</strong></span> <span class='ocrx_word' id='word_1_166' title='bbox 995 1529 1016 1560; x_wconf 94' lang='lat' dir='ltr'><strong>d</strong></span> <span class='ocrx_word' id='word_1_167' title='bbox 1033 1530 1076 1569; x_wconf 74' lang='lat'><strong>(⁶2)</strong></span> <span class='ocrx_word' id='word_1_168' title='bbox 1094 1529 1122 1560; x_wconf 84' lang='lat' dir='ltr'>E</span> <span class='ocrx_word' id='word_1_169' title='bbox 1139 1529 1221 1568; x_wconf 67' lang='grc' dir='ltr'><strong><em>ναῖς.</em></strong></span> <span class='ocrx_word' id='word_1_170' title='bbox 1238 1542 1244 1560; x_wconf 90' lang='lat'>:</span> <span class='ocrx_word' id='word_1_171' title='bbox 1273 1531 1377 1561; x_wconf 81' lang='lat' dir='ltr'><strong>etiam</strong></span> 
     </span>
     <span class='ocr_line' id='line_1_29' title="bbox 209 1572 627 1612; baseline -0.002 -9"><span class='ocrx_word' id='word_1_172' title='bbox 209 1572 301 1603; x_wconf 88' lang='lat' dir='ltr'><strong>illam</strong></span> <span class='ocrx_word' id='word_1_173' title='bbox 319 1573 436 1609; x_wconf 78' lang='lat' dir='ltr'><strong>Ianus,</strong></span> <span class='ocrx_word' id='word_1_174' title='bbox 454 1572 627 1612; x_wconf 76' lang='lat' dir='ltr'><strong>Detlefsen.</strong></span> 
     </span>
    </p>

    <p class='ocr_par' dir='ltr' id='par_1_9' title="bbox 203 1614 1382 1741">
     <span class='ocr_line' id='line_1_30' title="bbox 254 1614 1382 1655; baseline 0 -9"><span class='ocrx_word' id='word_1_175' title='bbox 254 1617 265 1635; x_wconf 86' lang='lat'>2</span> <span class='ocrx_word' id='word_1_176' title='bbox 290 1626 367 1647; x_wconf 87' lang='lat' dir='ltr'><strong>cum</strong></span> <span class='ocrx_word' id='word_1_177' title='bbox 396 1615 464 1647; x_wconf 82' lang='lat' dir='ltr'><strong>sale</strong></span> <span class='ocrx_word' id='word_1_178' title='bbox 493 1619 528 1646; x_wconf 82' lang='lat' dir='ltr'><strong>et</strong></span> <span class='ocrx_word' id='word_1_179' title='bbox 560 1615 657 1646; x_wconf 82' lang='lat' dir='ltr'><strong>melle</strong></span> <span class='ocrx_word' id='word_1_180' title='bbox 687 1615 779 1645; x_wconf 89' lang='lat' dir='ltr'><strong>V²Er</strong></span> <span class='ocrx_word' id='word_1_181' title='bbox 809 1614 904 1654; x_wconf 67' lang='lat' dir='ltr'><strong>vulq„</strong></span> <span class='ocrx_word' id='word_1_182' title='bbox 935 1614 1098 1655; x_wconf 78' lang='lat' dir='ltr'><strong>Detlefsen</strong></span> <span class='ocrx_word' id='word_1_183' title='bbox 1114 1628 1120 1647; x_wconf 72' lang='grc' dir='ltr'><strong>ε</strong></span> <span class='ocrx_word' id='word_1_184' title='bbox 1164 1625 1225 1646; x_wconf 86' lang='lat' dir='ltr'><strong>om.</strong></span> <span class='ocrx_word' id='word_1_185' title='bbox 1257 1614 1382 1646; x_wconf 80' lang='lat' dir='ltr'><strong>V1RTf</strong></span> 
     </span>
     <span class='ocr_line' id='line_1_31' title="bbox 203 1658 1362 1741; baseline -0.001 -8"><span class='ocrx_word' id='word_1_186' title='bbox 203 1658 450 1733; x_wconf 53' lang='lat' dir='ltr'><strong>ngglghfsectis</strong></span> <span class='ocrx_word' id='word_1_187' title='bbox 468 1700 573 1732; x_wconf 90' lang='lat' dir='ltr'><strong>VTfE</strong></span> <span class='ocrx_word' id='word_1_188' title='bbox 591 1700 764 1740; x_wconf 74' lang='lat' dir='ltr'><strong>Detlefsen,</strong></span> <span class='ocrx_word' id='word_1_189' title='bbox 784 1700 825 1731; x_wconf 87' lang='lat' dir='ltr'><em>M</em></span> <span class='ocrx_word' id='word_1_190' title='bbox 826 1699 941 1741; x_wconf 75' lang='lat' dir='ltr'><strong>aylzoff</strong></span> <span class='ocrx_word' id='word_1_191' title='bbox 947 1714 954 1733; x_wconf 74' lang='grc' dir='ltr'><strong><em>ε</em></strong></span> <span class='ocrx_word' id='word_1_192' title='bbox 981 1701 1143 1732; x_wconf 77' lang='lat' dir='ltr'><strong>confectis</strong></span> <span class='ocrx_word' id='word_1_193' title='bbox 1160 1700 1261 1740; x_wconf 77' lang='lat' dir='ltr'>Rd(?)</span> <span class='ocrx_word' id='word_1_194' title='bbox 1279 1700 1362 1740; x_wconf 71' lang='lat' dir='ltr'><strong>vuly.</strong></span> 
     </span>
    </p>
   </div>
   <div class='ocr_carea' id='block_1_7' title="bbox 196 1788 1378 2001">
    <p class='ocr_par' dir='ltr' id='par_1_10' title="bbox 241 1788 777 1829">
     <span class='ocr_line' id='line_1_32' title="bbox 241 1788 777 1829; baseline -0.002 -9"><span class='ocrx_word' id='word_1_195' title='bbox 241 1793 256 1808; x_wconf 81' lang='lat'><strong>‘¹</strong></span> <span class='ocrx_word' id='word_1_196' title='bbox 279 1789 340 1821; x_wconf 79' lang='lat' dir='ltr'><strong>See</strong></span> <span class='ocrx_word' id='word_1_197' title='bbox 359 1799 421 1827; x_wconf 61' lang='lat' dir='ltr'><strong>eg.</strong></span> <span class='ocrx_word' id='word_1_198' title='bbox 442 1788 639 1829; x_wconf 78' lang='lat' dir='ltr'><strong>Aphorisms</strong></span> <span class='ocrx_word' id='word_1_199' title='bbox 658 1788 707 1819; x_wconf 93' lang='lat' dir='ltr'><strong>IV</strong></span> <span class='ocrx_word' id='word_1_200' title='bbox 726 1789 777 1819; x_wconf 79' lang='lat'><strong>62.</strong></span> 
     </span>
    </p>

    <p class='ocr_par' dir='ltr' id='par_1_11' title="bbox 240 1830 553 1869">
     <span class='ocr_line' id='line_1_33' title="bbox 240 1830 553 1869; baseline 0 -7"><span class='ocrx_word' id='word_1_201' title='bbox 240 1830 252 1849; x_wconf 76' lang='lat'><strong>¹³</strong></span> <span class='ocrx_word' id='word_1_202' title='bbox 275 1831 336 1863; x_wconf 83' lang='lat' dir='ltr'><strong>See</strong></span> <span class='ocrx_word' id='word_1_203' title='bbox 354 1831 455 1862; x_wconf 90' lang='lat' dir='ltr'><strong>XXV</strong></span> <span class='ocrx_word' id='word_1_204' title='bbox 471 1832 484 1869; x_wconf 63' lang='grc' dir='ltr'>ἓ</span> <span class='ocrx_word' id='word_1_205' title='bbox 502 1832 553 1863; x_wconf 90' lang='grc'><strong>67.</strong></span> 
     </span>
    </p>

    <p class='ocr_par' dir='ltr' id='par_1_12' title="bbox 196 1873 1378 2001">
     <span class='ocr_line' id='line_1_34' title="bbox 241 1873 1378 1915; baseline -0.001 -10"><span class='ocrx_word' id='word_1_206' title='bbox 241 1879 251 1893; x_wconf 74' lang='lat'><strong><em>⁶</em></strong></span> <span class='ocrx_word' id='word_1_207' title='bbox 276 1875 433 1915; x_wconf 82' lang='lat' dir='ltr'><strong>Mayhoff</strong></span> <span class='ocrx_word' id='word_1_208' title='bbox 456 1875 537 1905; x_wconf 76' lang='lat' dir='ltr'><strong>with</strong></span> <span class='ocrx_word' id='word_1_209' title='bbox 571 1884 675 1914; x_wconf 88' lang='lat' dir='ltr'><strong>many</strong></span> <span class='ocrx_word' id='word_1_210' title='bbox 702 1873 795 1905; x_wconf 87' lang='lat' dir='ltr'><strong>MSS.</strong></span> <span class='ocrx_word' id='word_1_211' title='bbox 825 1873 935 1904; x_wconf 87' lang='lat' dir='ltr'><strong>would</strong></span> <span class='ocrx_word' id='word_1_212' title='bbox 964 1875 1049 1905; x_wconf 83' lang='lat' dir='ltr'><strong>omit</strong></span> <span class='ocrx_word' id='word_1_213' title='bbox 1078 1873 1195 1905; x_wconf 74' lang='lat' dir='ltr'><strong>“with</strong></span> <span class='ocrx_word' id='word_1_214' title='bbox 1221 1873 1288 1906; x_wconf 77' lang='lat' dir='ltr'><strong>salt</strong></span> <span class='ocrx_word' id='word_1_215' title='bbox 1311 1874 1378 1905; x_wconf 88' lang='lat' dir='ltr'><strong>and</strong></span> 
     </span>
     <span class='ocr_line' id='line_1_35' title="bbox 198 1916 1377 1958; baseline -0.001 -9"><span class='ocrx_word' id='word_1_216' title='bbox 198 1918 344 1958; x_wconf 85' lang='lat' dir='ltr'><strong>honey‚”</strong></span> <span class='ocrx_word' id='word_1_217' title='bbox 362 1917 508 1958; x_wconf 75' lang='lat' dir='ltr'><strong>perhaps</strong></span> <span class='ocrx_word' id='word_1_218' title='bbox 524 1917 663 1958; x_wconf 79' lang='lat' dir='ltr'><strong>rightly,</strong></span> <span class='ocrx_word' id='word_1_219' title='bbox 681 1927 717 1948; x_wconf 85' lang='lat' dir='ltr'><strong>as</strong></span> <span class='ocrx_word' id='word_1_220' title='bbox 735 1916 949 1948; x_wconf 81' lang='lat' dir='ltr'><strong>Dioscorides</strong></span> <span class='ocrx_word' id='word_1_221' title='bbox 966 1917 1027 1948; x_wconf 87' lang='lat' dir='ltr'><strong>has</strong></span> <span class='ocrx_word' id='word_1_222' title='bbox 1043 1917 1187 1958; x_wconf 82' lang='lat' dir='ltr'><strong>nothing</strong></span> <span class='ocrx_word' id='word_1_223' title='bbox 1203 1920 1239 1948; x_wconf 83' lang='lat' dir='ltr'><strong>to</strong></span> <span class='ocrx_word' id='word_1_224' title='bbox 1257 1927 1377 1948; x_wconf 85' lang='lat' dir='ltr'><strong>corres-</strong></span> 
     </span>
     <span class='ocr_line' id='line_1_36' title="bbox 196 1960 298 2001; baseline 0 -10"><span class='ocrx_word' id='word_1_225' title='bbox 196 1960 298 2001; x_wconf 90' lang='lat' dir='ltr'><strong>pond.</strong></span> 
     </span>
    </p>
   </div>
   <div class='ocr_carea' id='block_1_8' title="bbox 202 2000 1381 2084">
    <p class='ocr_par' dir='ltr' id='par_1_13' title="bbox 202 2000 1381 2084">
     <span class='ocr_line' id='line_1_37' title="bbox 244 2000 1381 2040; baseline 0 -7"><span class='ocrx_word' id='word_1_226' title='bbox 244 2001 259 2021; x_wconf 54' lang='grc' dir='ltr'><strong>’ἰ</strong></span> <span class='ocrx_word' id='word_1_227' title='bbox 283 2002 340 2038; x_wconf 90' lang='lat' dir='ltr'><strong>Or,</strong></span> <span class='ocrx_word' id='word_1_228' title='bbox 367 2001 389 2014; x_wconf 77' lang='lat'><strong>‘⁴</strong></span> <span class='ocrx_word' id='word_1_229' title='bbox 403 2000 576 2033; x_wconf 71' lang='lat' dir='ltr'><strong>random⁹⁹</strong></span> <span class='ocrx_word' id='word_1_230' title='bbox 596 2002 648 2039; x_wconf 85' lang='lat' dir='ltr'><strong>(A.</strong></span> <span class='ocrx_word' id='word_1_231' title='bbox 669 2000 704 2032; x_wconf 88' lang='lat' dir='ltr'><strong>C.</strong></span> <span class='ocrx_word' id='word_1_232' title='bbox 726 2001 791 2040; x_wconf 83' lang='lat' dir='ltr'><strong>A.).</strong></span> <span class='ocrx_word' id='word_1_233' title='bbox 839 2000 895 2037; x_wconf 90' lang='lat' dir='ltr'><strong>Or,</strong></span> <span class='ocrx_word' id='word_1_234' title='bbox 918 2000 1030 2032; x_wconf 83' lang='lat' dir='ltr'><strong>“over</strong></span> <span class='ocrx_word' id='word_1_235' title='bbox 1051 2011 1071 2031; x_wconf 86' lang='lat' dir='ltr'><strong>a</strong></span> <span class='ocrx_word' id='word_1_236' title='bbox 1093 2001 1177 2032; x_wconf 83' lang='lat' dir='ltr'><strong>wide</strong></span> <span class='ocrx_word' id='word_1_237' title='bbox 1196 2000 1304 2033; x_wconf 82' lang='lat' dir='ltr'><strong>area&#39;&#39;</strong></span> <span class='ocrx_word' id='word_1_238' title='bbox 1331 2002 1381 2040; x_wconf 82' lang='lat' dir='ltr'><strong>(of</strong></span> 
     </span>
     <span class='ocr_line' id='line_1_38' title="bbox 202 2045 394 2084; baseline -0.005 -8"><span class='ocrx_word' id='word_1_239' title='bbox 202 2045 261 2076; x_wconf 79' lang='lat' dir='ltr'><strong>the</strong></span> <span class='ocrx_word' id='word_1_240' title='bbox 278 2045 394 2084; x_wconf 87' lang='lat' dir='ltr'><strong>body).</strong></span> 
     </span>
    </p>
   </div>
   <div class='ocr_carea' id='block_1_9' title="bbox 198 2107 268 2155">
    <p class='ocr_par' dir='ltr' id='par_1_14' title="bbox 198 2107 268 2155">
     <span class='ocr_line' id='line_1_39' title="bbox 198 2107 268 2155; baseline -0.014 0"><span class='ocrx_word' id='word_1_241' title='bbox 198 2107 268 2155; x_wconf 80' lang='lat'><strong>358</strong></span> 
     </span>
    </p>
   </div>
  </div>
 </body>
</html>
