1459 2288
596 479 758 516 LIBER
794 477 907 514 XXV

212 582 242 619 I.
274 582 365 632 Ipsa
411 595 513 631 quae
560 595 664 618 nunc
710 582 865 618 dicetur
911 580 1123 617 herbarum
1168 579 1338 623 claritas,

160 650 381 686 medicinae
408 654 568 685 tantum
595 651 788 698 gignente
817 661 882 684 eas
909 647 1079 690 Tellure,
1106 649 1145 682 in
1173 646 1339 682 admira-

160 719 311 752 tionem
363 728 480 752 curae
531 718 747 764 priscorum
799 714 1113 763 diligentiaeque
1165 715 1340 748 animum

161 785 255 832 agit.
311 781 405 818 nihil
443 795 537 831 ergo
572 784 860 830 intemptatum
896 783 1232 829 inexpertumque
1266 779 1340 815 illis

160 848 248 892 fuit,
275 847 369 884 nihil
395 848 540 884 deinde
566 847 810 884 occultatum
836 847 1023 896 quodque
1049 860 1127 883 non
1152 845 1340 896 prodesse

159 917 327 964 posteris
350 914 509 951 vellent.
567 920 608 950 at
630 927 699 950 nos
722 914 927 950 elaborata
947 913 1006 949 his
1029 912 1272 950 abscondere
1294 925 1339 948 ac

120 987 138 1016 2
157 983 403 1030 supprimere
427 984 606 1030 cupimus
632 986 673 1017 et
697 979 880 1017 fraudare
906 983 1028 1016 vitam
1053 982 1175 1016 etiam
1199 979 1336 1015 alienis

159 1048 283 1084 bonis.
339 1050 395 1083 ita
419 1055 527 1084 certe
554 1047 775 1084 recondunt
799 1049 866 1096 qui
890 1059 1017 1096 pauca
1038 1045 1170 1095 aliqua
1194 1058 1339 1082 novere

160 1114 383 1150 invidentes
410 1114 510 1157 aliis,
537 1120 577 1150 et
602 1116 803 1150 neminem
828 1113 971 1150 docere
995 1115 1034 1149 in
1060 1114 1340 1149 auctoritatem

159 1183 350 1217 scientiae
397 1186 469 1216 est.
526 1186 684 1216 tantum
730 1181 779 1216 ab
825 1179 1098 1230 excogitandis
1142 1181 1251 1215 novis
1295 1191 1340 1214 ac

158 1247 331 1283 iuvanda
366 1249 447 1282 vita
481 1259 608 1283 mores
645 1247 803 1289 absunt,
839 1258 1118 1295 summumque
1153 1258 1250 1295 opus
1283 1247 1339 1281 in-

158 1316 367 1363 geniorum
395 1313 464 1349 diu
493 1316 571 1349 iarn
600 1313 673 1349 hoe
702 1311 778 1349 fuit
807 1318 852 1349 ut
881 1315 985 1349 intra
1015 1324 1339 1361 unumquemque

157 1385 266 1416 recte
291 1378 397 1415 facta
423 1385 603 1416 veterum
629 1382 816 1428 perirent.
874 1385 928 1422 at,
953 1378 1160 1422 Hercules,
1185 1378 1340 1428 singula

158 1446 351 1496 quosdam
372 1449 533 1482 inventa
554 1446 719 1483 deorum
741 1459 906 1482 numero
928 1445 1131 1489 addidere,
1145 1444 1338 1495 quoruml

158 1516 297 1562 utique
338 1516 459 1549 vitam
499 1513 705 1549 clariorem
745 1512 875 1549 fecere
915 1513 1214 1563 cognominibus
1253 1511 1339 1548 her-

159 1580 313 1623 barum,
353 1585 436 1616 tam
474 1580 647 1630 benigne
686 1583 856 1630 gratiam
895 1582 1087 1616 memoria
1124 1578 1336 1615 referente.

119 1651 137 1681 3
157 1659 235 1682 non
253 1658 380 1695 aeque
396 1645 495 1682 haec
514 1659 607 1682 cura
624 1659 761 1682 eorum
776 1649 875 1682 mira
892 1651 953 1682 est
965 1645 980 1668 ²
999 1648 1039 1682 in
1055 1645 1113 1682 his
1131 1658 1233 1695 quae
1249 1651 1339 1682 satu

156 1712 417 1749 blandiuntur
467 1718 536 1749 aut
586 1713 673 1749 cibo
723 1715 908 1756 invitant,
958 1711 1131 1749 culmina
1180 1724 1338 1762 quoque

156 1782 351 1815 montium
368 1781 473 1815 invia
490 1784 531 1815 et
547 1779 783 1816 solitudines
801 1779 957 1816 abditas
973 1791 1191 1828 omnesque
1207 1784 1338 1815 terrae

206 1886 217 1904 ¹
241 1896 387 1925 quorum
406 1896 460 1925 eqo
475 1898 482 1917 :
510 1886 688 1916 hominum
704 1885 868 1925 Detlessen
883 1895 958 1916 cum
973 1885 1134 1916 Pintiano
1149 1898 1156 1917 ε
1185 1886 1338 1917 omnium

163 1928 320 1969 Mayhoff
332 1939 408 1959 cum
417 1928 488 1968 fere
505 1928 658 1959 omnibus
674 1928 763 1959 codd.

163 1972 328 2054 wiqmjra
353 1975 405 2003 est
431 1971 589 2012 Mayhoff
600 1984 607 2003 z
637 1972 733 2008 mira,
750 1971 777 2002 si
803 1971 978 2012 Detlessen,
995 1971 1085 2002 codd.
1102 1983 1109 2002 :
1140 1971 1224 2002 mira
1249 1975 1338 2002 esset

164 2075 232 2121 136
