1459 2288
389 197 584 235 PLINY:
630 198 894 236 NATURAL
928 199 1164 236 HISTORY

189 302 239 339 ad
277 301 452 345 volnera,
495 301 658 338 mirifice
697 304 803 338 enim
847 301 1098 352 conglutinat
1140 303 1366 340 recentibus

188 355 318 392 foliis1
347 355 410 391 vel
439 368 543 391 suco.
599 355 649 391 ob
677 355 718 391 id
745 357 785 391 in
812 355 1036 392 turbinibus
1063 355 1251 392 cadorum
1278 369 1365 393 eam

127 413 164 444 15
189 415 326 445 serunt
359 414 403 445 ut
436 411 591 444 aizoum
622 410 760 444 maius.
816 408 978 457 quidam
1011 414 1052 445 et
1084 409 1238 446 caulem
1270 415 1365 446 ante.

188 465 465 498 maturitatem
494 464 653 498 seminis
682 461 864 498 incidunt
893 464 974 498 suci
1002 464 1145 511 gratia,
1174 462 1295 512 aliqui
1325 468 1367 499 et

188 514 294 551 folia.
348 517 548 551 invenitur
573 520 615 551 et
639 527 710 564 per
735 527 776 551 se
800 514 961 551 lacrima
984 514 1217 552 adhaerens.
1272 529 1366 566 ergo

188 567 545 618 pavimentandum
566 568 634 604 ubi
656 573 744 604 sata
766 570 817 604 sit
838 573 1017 611 censent,
1039 574 1085 605 ut
1106 567 1267 605 lacrima
1287 582 1366 605 non

189 622 460 658 absorbeatur.
516 620 627 657 fuere
660 623 727 669 qui
758 620 966 657 traderent
996 623 1036 657 in
1069 621 1220 658 Iudaea
1249 635 1367 671 super

189 674 506 724 Hierosolymam
537 673 781 710 metallicam
813 676 896 710 eius
927 680 1126 718 naturam,
1157 675 1228 712 sed
1258 675 1367 712 nulla

187 731 313 778 magis
331 728 498 777 inproba
516 733 591 770 est,
609 740 740 776 neque
759 726 836 764 alia
853 730 999 777 nigrior
1018 734 1079 764 est
1097 734 1166 764 aut
1184 728 1364 765 umidior.

124 786 162 817 16
189 784 263 818 erit
306 794 400 831 ergo
441 783 593 830 optima
633 783 792 830 pinguis
833 793 878 817 ac
918 780 1059 824 nitida,
1099 781 1173 817 rufi
1213 781 1366 825 coloris,

187 833 350 871 friabilis
381 840 423 871 et
451 836 630 870 iocineris
659 833 778 870 modo
807 839 958 877 coacta,
987 832 1102 870 facile
1130 834 1365 883 liquescens,

186 887 436 937 inprobanda
462 890 576 936 nigra
604 893 646 923 et
673 887 785 930 dura,
812 886 1007 923 harenosa
1035 900 1218 936 quaeque
1245 894 1365 938 gustu

188 940 436 990 intellegitur
454 942 600 977 cummi
619 940 846 977 adulterata
864 946 906 976 et
925 943 1067 976 acacia.
1122 946 1265 978 natura
1283 944 1365 978 eius

187 997 368 1043 spissare,
395 994 562 1030 densare
595 999 637 1030 et
666 992 811 1030 leniter
841 992 1057 1036 calfacere;
1097 1007 1189 1030 usus
1220 994 1366 1038 multi,²

188 1047 259 1084 sed
275 1047 499 1096 principalis
516 1046 648 1083 alvum
664 1046 830 1090 solvere,
847 1060 936 1083 cum
952 1060 1081 1096 paene
1097 1047 1180 1084 sola
1195 1047 1364 1084 medica-

187 1107 415 1138 mentorum
449 1113 551 1150 quae
582 1100 623 1136 id
654 1106 862 1149 praestant
893 1100 1101 1137 confirmet
1133 1103 1256 1137 etiam
1287 1107 1365 1138 sto-

124 1158 161 1188 17
186 1153 385 1197 maehum,
405 1153 505 1190 adeo
523 1167 602 1190 non
619 1152 786 1190 infestet
803 1153 886 1190 ulla
902 1156 939 1189 vi
957 1156 1164 1190 contraria.
1218 1154 1367 1191 bibitur

187 1207 388 1250 drachma,
415 1207 464 1243 ad
489 1206 681 1244 stomachi
706 1220 799 1243 vero
823 1206 1123 1243 dissolutionem
1147 1209 1189 1243 in
1211 1207 1365 1244 duobus

187 1260 341 1310 cyathis
365 1273 492 1310 aquae
515 1260 677 1309 tepidae
700 1260 761 1296 vel
785 1259 952 1309 fi‘igidae
975 1260 1159 1296 coclearis
1181 1273 1367 1297 mensura

186 1314 245 1350 bis
272 1320 383 1350 terve
409 1316 449 1350 in
475 1313 540 1350 die
568 1326 617 1349 ex
642 1313 874 1356 intervallis,
900 1319 945 1350 ut
970 1327 1032 1350 res
1059 1316 1198 1364 exigit,
1223 1327 1365 1364 purga-

187 1370 306 1404 tionis
358 1373 494 1404 autem
545 1379 664 1403 causa
713 1366 928 1416 plurimum
978 1367 1104 1403 tribus
1154 1366 1364 1410 drachmis,

189 1421 395 1464 efficacior,
446 1423 477 1456 si
527 1426 624 1469 pota
675 1432 723 1456 ea
772 1425 951 1456 sumatur
1002 1420 1123 1456 cibus.
1177 1420 1364 1470 capillum

188 1473 381 1510 fluentem
414 1475 594 1510 continet
628 1486 717 1509 cum
750 1475 840 1509 vino
873 1478 1032 1509 austero
1065 1475 1196 1522 capite
1228 1480 1366 1510 contra

240 1570 251 1589 ¹
274 1569 467 1601 recentibus
495 1569 597 1608 foliis]
626 1568 663 1599 in
690 1568 780 1601 codd.
805 1572 882 1609 post
909 1568 1057 1600 volnera.
1106 1570 1364 1609 Transponenda

193 1623 260 1644 esse
275 1612 359 1643 coni.
377 1612 540 1652 JIayhoff,
559 1611 614 1652 qui
630 1611 666 1642 in
681 1615 767 1642 textu
784 1611 1021 1652 conglutinant
1035 1622 1115 1643 suco
1130 1612 1251 1644 scribit.

236 1657 248 1675 ²
271 1655 374 1686 multi
390 1654 566 1696 Mayhosf:
597 1654 714 1686 multis
730 1655 761 1685 V
776 1655 805 1685 E
822 1654 986 1695 Detlefsen
1001 1667 1008 1686 :
1038 1655 1156 1686 multis
1171 1659 1207 1687 et
1222 1655 1246 1687 d
1261 1655 1298 1686 T.

233 1819 248 1833 ‘³
270 1812 428 1854 Mayhoff
444 1817 608 1854 suggests,
627 1813 691 1844 but
710 1813 790 1844 does
810 1816 872 1844 not
892 1813 1009 1854 adopt,
1030 1813 1089 1844 the
1108 1814 1362 1855 transposition,

190 1857 301 1888 which
318 1856 482 1896 certainly
498 1867 592 1887 eases
608 1855 667 1887 the
684 1857 927 1887 construction.
973 1856 1035 1887 See
1053 1856 1182 1887 critical
1197 1860 1279 1887 note
1297 1857 1321 1887 1.

232 1900 244 1919 ¹⁵
267 1899 424 1940 Mayhoff
444 1902 598 1939 suggests
621 1909 661 1929 ne
682 1898 735 1930 for
758 1909 835 1930 non.
883 1898 973 1930 Prof.
995 1899 1158 1930 Andrews
1179 1899 1276 1931 takes
1296 1899 1364 1931 this

188 1943 298 1974 clause
315 1951 352 1972 as
369 1942 594 1972 consecutive.

229 1989 240 2002 ⁶
263 1985 324 2016 Le.
343 1984 403 2015 the
420 1984 559 2015 borders
576 1983 615 2015 of
627 1983 687 2014 the
704 1983 802 2015 Dead
819 1983 892 2015 Sea.
939 1983 1038 2024 Pliny
1054 1984 1158 2016 refers
1175 1988 1211 2016 to
1228 1985 1363 2026 asphalt

185 2038 223 2059 or
241 2028 409 2058 bitumen.
455 2027 503 2058 At
522 2027 591 2058 this
610 2027 707 2067 point
727 2026 825 2067 Pliny
845 2030 943 2058 turns
959 2027 1047 2058 from
1063 2027 1122 2059 the
1137 2027 1235 2069 plant
1250 2031 1288 2059 to
1303 2027 1363 2060 the

185 2070 422 2112 preparations
437 2069 526 2101 from
541 2070 580 2101 it.

185 2132 255 2179 398
