1459 2288
436 148 631 186 PLINY:
676 149 940 186 NATURAL
974 149 1210 187 HISTORY

235 257 371 288 tamen
390 250 515 300 gloria
536 256 610 293 est,
630 253 661 286 si
679 251 693 274 1
710 250 830 287 modo
849 263 872 287 a
890 256 1085 299 conceptu
1105 250 1268 287 admota
1286 250 1410 288 vulvis

169 310 211 340 98
236 308 275 341 in
289 318 405 341 carne
420 304 569 340 bubula
583 317 711 340 mares
726 304 884 353 figurat,
899 310 944 340 ut
957 304 1141 340 traditur.
1196 307 1410 353 piscatores

167 790 208 821 99

147 1165 207 1195 100

237 358 479 407 Campaniae
502 357 677 394 radicem
700 370 788 393 eam
811 370 914 406 quae
936 357 1108 394 rotunda
1131 363 1192 394 est
1214 370 1411 394 venenum

236 417 367 448 terrae
388 417 543 454 vocant,
563 424 774 459 coramque
796 411 906 447 nobis
927 416 1133 447 contusam
1159 413 1285 447 mixta
1304 411 1410 447 calce

234 467 274 500 in
302 477 410 500 mare
439 477 630 514 sparsere.
685 463 873 501 advolant
910 466 1035 512 pisces
1064 464 1284 513 cupiditate
1313 467 1412 500 mira

234 521 451 567 statimque
511 520 727 554 exanimati
785 516 956 554 fluitant.
1012 530 1114 566 quae
1171 517 1410 568 polyrrhizos

235 574 538 620 cognominatur
574 571 781 614 convulsis,
824 573 1010 614 contusis,
1053 584 1101 607 ex
1144 570 1224 607 alto
1264 574 1411 620 praeci-

234 627 371 674 pitatis
395 625 527 661 radice
554 630 650 673 pota
676 637 725 661 ex
753 637 856 673 aqua
882 624 1092 660 utilissima
1118 637 1203 660 esse
1226 624 1410 668 traditur,

235 681 385 714 semine
409 678 625 727 pleuriticis
650 683 691 714 et
714 680 857 721 nervis,
883 677 1128 721 confirmare,
1152 677 1410 721 excalfacere,

234 732 376 768 eadem
394 734 570 782 satyrion
590 744 688 768 esse.

286 785 366 821 LV.
397 785 545 821 Verum
559 790 601 821 et
615 783 778 821 effectus
792 797 964 834 ususque
979 784 1138 821 dicendi
1151 790 1244 821 sunt
1257 784 1410 821 ordien-

234 838 410 888 dumque
430 852 453 874 a
470 838 666 875 malorum
685 840 863 874 omnium
881 840 1052 887 pessimo
1072 843 1146 880 est,
1165 841 1411 887 serpentium

233 895 327 929 ictu.
382 892 596 928 medentur
646 905 741 941 ergo
791 892 1014 928 britannica
1063 891 1200 934 herba,
1250 894 1409 940 panacis

233 948 411 982 omnium
441 958 636 995 generum
667 945 779 981 radix
812 958 833 981 e
864 947 968 987 vino,
999 944 1163 981 chironii
1194 950 1236 981 et
1266 943 1337 981 flos
1369 951 1410 981 et

233 1012 369 1035 semen
384 1005 525 1048 potum
539 998 748 1035 inlitumve
765 1011 813 1034 ex
829 1001 919 1034 vino
935 1004 975 1034 et
990 998 1091 1042 oleo,
1105 1000 1292 1047 privatim
1306 1011 1408 1047 quae

232 1052 364 1089 cunila
392 1052 543 1088 bubula
571 1052 811 1101 appellatur,
839 1051 1064 1101 polemonia
1091 1051 1153 1088 vel
1181 1051 1410 1101 philetaeris

234 1106 375 1142 radicis
398 1105 594 1142 drachmis
618 1111 809 1155 quattuor
830 1108 870 1141 in
893 1118 1016 1148 mero,
1038 1107 1204 1148 teucria,
1226 1105 1409 1148 sideritis,

235 1159 426 1196 scordotis
451 1172 499 1195 ex
522 1162 626 1202 vino,
649 1161 834 1208 privatim
857 1159 907 1195 ad
930 1171 1093 1208 angues,
1116 1164 1212 1207 pota
1234 1164 1276 1195 et
1297 1158 1411 1195 inlita

235 1216 315 1249 sive
345 1226 437 1249 suco
467 1216 547 1249 sive
581 1212 676 1248 folio
710 1215 790 1248 sive
824 1212 1002 1255 decocto,
1031 1214 1224 1248 centaurii
1253 1214 1409 1248 maioris

234 1267 346 1302 radix
375 1265 563 1302 drachma
590 1268 630 1302 in
657 1268 737 1302 vini
765 1265 845 1301 albi
873 1265 1026 1315 cyathis
1054 1266 1194 1308 tribus,
1221 1267 1411 1315 gentiana

233 1322 445 1369 praecipue
483 1319 670 1356 adversus
708 1332 857 1369 angues
895 1319 1049 1355 duabus
1087 1318 1283 1355 drachmis
1320 1331 1409 1355 cum

281 1423 292 1441 1
318 1422 344 1452 si
365 1421 553 1460 Detlefsen:
588 1432 627 1452 ea
649 1420 711 1459 (vel
732 1420 828 1460 haec)
851 1421 877 1451 si
899 1420 1074 1460 Maylzoff:
1109 1423 1145 1451 et
1165 1420 1277 1460 sisere
1299 1430 1410 1451 omncs

236 1465 326 1496 codd.
343 1467 439 1503 (num
453 1468 489 1495 et
504 1475 541 1495 ex
556 1469 608 1495 est
623 1468 731 1495 ortum
742 1467 781 1503 ?).

274 1631 288 1645 ⁰
310 1626 371 1658 See
389 1629 468 1657 note
484 1626 501 1656 b
519 1636 563 1656 on
580 1636 612 1666 p.
631 1626 705 1661 206,
723 1625 806 1656 with
823 1625 881 1657 the
898 1625 1102 1665 μακροτάτας
1118 1625 1156 1656 of
1170 1625 1394 1657 Dioscorides.

275 1670 286 1688 ¹²
311 1670 382 1701 The
400 1669 618 1700 emendation
635 1668 671 1699 of
688 1668 845 1709 Mayhoff
860 1668 977 1699 makes
995 1669 1023 1699 it
1042 1679 1062 1699 a
1080 1668 1168 1699 little
1188 1668 1313 1700 clearer
1330 1669 1409 1700 that

228 1713 287 1744 the
306 1713 513 1744 conditional
534 1712 644 1743 clause
663 1712 792 1753 applies
810 1716 847 1743 to
865 1711 924 1742 the
942 1711 1038 1742 radix
1055 1711 1190 1750 oblonya
1207 1712 1277 1742 and
1293 1715 1356 1743 not
1373 1715 1409 1743 to

228 1756 286 1787 the
304 1755 453 1786 rotunda.

271 1804 282 1818 ⁰
305 1799 334 1829 A
355 1799 602 1830 contradiction
623 1798 661 1829 of
678 1798 781 1828 valent
799 1797 907 1828 radice
925 1801 1054 1828 tantum
1073 1798 1100 1836 (ξ
1120 1798 1188 1835 96).
1235 1797 1408 1839 Through-

228 1846 290 1873 out
316 1842 385 1873 this
413 1842 554 1882 chapter
581 1842 680 1881 Pliny
707 1851 814 1872 seems
841 1845 878 1872 to
905 1840 946 1871 be
973 1844 1010 1871 at
1036 1840 1088 1871 his
1114 1843 1227 1871 worst.
1275 1840 1310 1871 It
1334 1842 1363 1872 is
1388 1852 1409 1872 a

229 1889 383 1925 mystery
396 1885 474 1925 why
492 1885 533 1916 he
545 1895 622 1915 uses
635 1884 768 1923 oblonqa
787 1885 895 1920 twice,
909 1883 1006 1914 when
1024 1883 1066 1914 he
1083 1887 1175 1914 must
1192 1883 1279 1914 refer
1295 1887 1332 1914 to
1350 1883 1408 1915 the

229 1928 327 1968 plant
344 1928 451 1959 called
462 1927 667 1967 lonqissima,
682 1927 830 1958 whereas
843 1927 877 1958 in
891 1927 1104 1958 Dioscorides
1116 1926 1176 1957 the
1189 1927 1406 1966 correspond-

230 1972 285 2011 ing
313 1971 421 2002 Greek
454 1971 546 2002 word
570 1970 699 2011 applies
725 1974 762 2002 to
789 1970 848 2001 the
874 1973 951 2001 root
978 1969 1069 2010 only,
1097 1980 1134 2001 as
1165 1969 1246 2001 does
1274 1969 1408 2010 oblonqa

228 2015 261 2045 in
278 2015 292 2046 S
309 2016 361 2045 97.

233 2077 302 2111 208
