1459 2288
67 602 126 631 145

68 1243 126 1272 146

355 173 551 210 PLINY:
597 174 860 211 NATURAL
895 174 1131 211 HISTORY

155 290 335 313 cruorem
359 282 400 313 et
424 289 587 326 argema
609 277 769 320 rubens,
792 279 918 326 magis
942 290 1030 312 cum
1057 277 1192 313 Attico
1214 276 1333 312 melle

155 343 339 377 inunctis.
395 340 565 390 pupillas
597 339 755 384 dilatat,
789 346 830 377 et
860 340 951 377 ideo
982 339 1055 376 hac
1086 343 1334 390 inunguntur

156 410 250 441 ante
284 404 426 453 quibus
458 406 727 453 paracentesis
761 404 816 440 fit.
872 407 1142 440 iumentorum
1174 417 1333 454 quoque

154 468 277 504 oculis
320 468 544 505 medentur.
601 481 715 504 sucus
757 474 879 518 caput
919 474 1067 518 purgat
1107 481 1178 518 per
1218 480 1334 504 nares

153 532 320 575 infusus,
357 534 414 568 ita
451 538 496 568 ut
533 532 679 568 deinde
717 535 806 569 vino
843 531 1051 569 colluatur.
1106 533 1256 569 bibitur
1293 537 1335 568 et

153 602 291 632 contra
321 609 471 646 angues
500 599 581 632 suci
611 596 801 632 drachma
828 599 868 632 in
896 599 999 632 vino.
1055 598 1200 632 mirum
1229 596 1335 645 quod

155 660 346 696 feminam
366 673 510 709 pecora
529 662 659 696 vitant
680 666 763 704 aut,
783 663 814 696 si
834 660 1006 709 decepta
1026 660 1336 697 similitudine—

155 723 249 760 flore
272 727 378 760 enim
399 730 559 761 tantum
579 724 1067 775 distant—degustavere,
1088 727 1226 761 statim
1247 737 1334 760 eam

155 802 258 837 quae
290 788 399 838 asyla
433 788 660 838 appellatur
693 791 733 824 in
767 788 1017 825 remedium1
1048 794 1258 838 quaerunt.
1313 801 1337 824 a

153 855 297 889 nostris
343 851 431 889 felis
477 852 612 889 oculus
629 852 644 875 2
691 858 864 889 vocatur.
920 855 1171 902 praecipiunt
1216 852 1336 901 aliqui

154 916 350 953 effossuris
392 922 486 953 ante
528 916 619 953 solis
660 923 805 960 ortum,
847 919 1077 966 priusquam
1118 919 1332 966 quicquam

154 980 262 1017 aliud
286 980 514 1030 loquantur,
540 980 714 1017 salutare
741 994 844 1025 eam,
869 980 1069 1017 sublatam
1096 983 1332 1030 exprimere,

153 1047 210 1081 ita
233 1047 466 1094 praecipuas
490 1057 575 1081 esse
600 1047 711 1081 vires.
767 1045 818 1081 de
843 1044 1096 1094 euphorbeae
1120 1058 1213 1081 suco
1236 1047 1330 1081 satis

153 1109 306 1145 dictum
337 1115 409 1146 est.
465 1109 708 1159 lippitudini,
737 1111 768 1145 si
803 1115 935 1145 tumor
970 1111 1058 1153 erit,
1094 1108 1336 1145 absinthium

154 1186 244 1209 cum
262 1173 381 1209 melle
400 1176 554 1217 tritum,
572 1176 671 1210 item
688 1174 703 1196 3
721 1176 949 1210 vettonicae
967 1172 1095 1209 farina
1112 1175 1334 1209 conveniet.

204 1237 354 1274 XCIII.
385 1237 603 1287 Aegilopas
621 1243 736 1274 sanat
753 1236 878 1273 herba
895 1237 1038 1274 eodem
1054 1240 1215 1274 nomine
1233 1250 1336 1286 quae

154 1304 193 1338 in
216 1301 366 1338 hordeo
390 1304 578 1345 nascitur,
600 1304 721 1338 tritici
746 1300 854 1345 folio,
877 1304 1029 1338 semine
1052 1303 1225 1338 contrito
1247 1314 1336 1337 cum

154 1365 281 1401 farina
318 1368 518 1415 permixta
555 1368 808 1415 inpositaque
846 1365 907 1401 vel
941 1378 1046 1402 suco.
1103 1367 1338 1415 exprimitur

153 1429 217 1466 hic
242 1443 263 1466 e
288 1429 401 1466 caule
426 1429 610 1479 foliisque
635 1430 950 1480 praegnantibus
975 1429 1141 1479 dempta
1165 1431 1272 1479 spica
1296 1435 1338 1466 et

155 1496 194 1530 in
214 1496 404 1530 trimestri
425 1493 551 1530 farina
571 1493 767 1544 digeritur
785 1496 824 1529 in
844 1493 1035 1543 pastillos.

210 1589 222 1607 1
247 1588 433 1619 remedium
466 1588 532 1625 (ie
566 1587 730 1626 remedifi)
764 1587 940 1628 Mayhoff:
982 1587 1131 1618 remedia
1163 1586 1336 1627 Detlcssen,

166 1630 256 1662 codd.
274 1643 280 1661 :
312 1631 460 1661 remedio
480 1630 561 1669 vuly.

208 1674 220 1692 ²
244 1673 317 1704 felis
336 1673 453 1704 oculus
471 1672 645 1713 Detlefsen,
666 1673 841 1713 Mayhosf:
873 1672 964 1704 ferus
982 1673 1099 1704 oculus
1119 1672 1201 1712 vuly.
1219 1685 1226 1703 ε
1257 1672 1338 1703 felix

164 1716 282 1747 oculus
304 1716 434 1747 Urlichs
449 1728 456 1747 :
487 1715 565 1746 feris
583 1715 688 1746 oculis
705 1715 794 1746 codd.

208 1759 221 1777 ³
245 1760 327 1790 item
343 1759 371 1789 E
387 1758 551 1798 Detlefsen
567 1771 573 1790 :
602 1759 685 1789 item
702 1768 779 1789 cum
791 1758 939 1797 plerique
953 1757 1042 1789 codd.
1059 1762 1087 1788 et
1102 1758 1142 1788 M
1145 1757 1265 1798 ayhoff,
1283 1757 1338 1797 qui

163 1801 319 1832 lacunam
344 1805 419 1841 post
449 1812 526 1832 cum
557 1800 691 1837 indicat,
722 1801 878 1832 excidisse
904 1804 1000 1840 putat
1030 1801 1121 1832 vino.
1170 1801 1338 1832 Brakman

163 1845 294 1884 supplet
311 1848 425 1875 vetere
441 1855 544 1875 mero.

194 2000 208 2014 ‘³
231 1996 302 2026 The
318 1995 451 2035 subject
467 1996 505 2026 of
517 1994 677 2026 colluatur
694 1995 721 2026 is
740 1994 942 2035 apparently
961 2005 1069 2026 sucus.
1115 1994 1186 2025 The
1205 1994 1337 2034 subject

153 2037 193 2069 of
206 2039 339 2078 passive
356 2038 460 2069 colluo
476 2039 504 2069 is
520 2038 687 2078 normally
703 2037 762 2069 the
778 2038 876 2078 thing
893 2038 1046 2068 cleansed
1065 2038 1185 2077 (nose),
1201 2040 1263 2068 not
1279 2037 1337 2068 the

155 2101 225 2147 238
