<?xml version="1.0" encoding="UTF-8"?>
<!DOCTYPE html PUBLIC "-//W3C//DTD XHTML 1.0 Transitional//EN"
    "http://www.w3.org/TR/xhtml1/DTD/xhtml1-transitional.dtd">
<html xmlns="http://www.w3.org/1999/xhtml" xml:lang="en" lang="en">
 <head>
  <title>
</title>
<meta http-equiv="Content-Type" content="text/html;charset=utf-8" />
  <meta name='ocr-system' content='tesseract 3.04.00' />
  <meta name='ocr-capabilities' content='ocr_page ocr_carea ocr_par ocr_line ocrx_word'/>
</head>
<body>
  <div class='ocr_page' id='page_1' title='image "./naturalhistory07plinuoft_0386.png"; bbox 0 0 1459 2288; ppageno 0'>
   <div class='ocr_carea' id='block_1_1' title="bbox 95 289 153 320">
    <p class='ocr_par' dir='ltr' id='par_1_1' title="bbox 95 289 153 320">
     <span class='ocr_line' id='line_1_1' title="bbox 95 289 153 320; baseline 0.017 -1"><span class='ocrx_word' id='word_1_1' title='bbox 95 289 153 320; x_wconf 79' lang='lat'>135</span> 
     </span>
    </p>
   </div>
   <div class='ocr_carea' id='block_1_2' title="bbox 95 701 154 732">
    <p class='ocr_par' dir='ltr' id='par_1_2' title="bbox 95 701 154 732">
     <span class='ocr_line' id='line_1_2' title="bbox 95 701 154 732; baseline 0.017 -1"><span class='ocrx_word' id='word_1_2' title='bbox 95 701 154 732; x_wconf 79' lang='lat'>136</span> 
     </span>
    </p>
   </div>
   <div class='ocr_carea' id='block_1_3' title="bbox 96 1054 154 1084">
    <p class='ocr_par' dir='ltr' id='par_1_3' title="bbox 96 1054 154 1084">
     <span class='ocr_line' id='line_1_3' title="bbox 96 1054 154 1084; baseline 0 -1"><span class='ocrx_word' id='word_1_3' title='bbox 96 1054 154 1084; x_wconf 88' lang='grc'>137</span> 
     </span>
    </p>
   </div>
   <div class='ocr_carea' id='block_1_4' title="bbox 382 182 1155 219">
    <p class='ocr_par' dir='ltr' id='par_1_4' title="bbox 382 182 1155 219">
     <span class='ocr_line' id='line_1_4' title="bbox 382 182 1155 219; baseline 0.001 -1"><span class='ocrx_word' id='word_1_4' title='bbox 382 182 577 219; x_wconf 87' lang='lat' dir='ltr'>PLINY:</span> <span class='ocrx_word' id='word_1_5' title='bbox 623 182 886 219; x_wconf 87' lang='lat' dir='ltr'>NATURAL</span> <span class='ocrx_word' id='word_1_6' title='bbox 920 182 1155 219; x_wconf 89' lang='lat' dir='ltr'>HISTORY</span> 
     </span>
    </p>
   </div>
   <div class='ocr_carea' id='block_1_5' title="bbox 181 285 1361 1629">
    <p class='ocr_par' dir='ltr' id='par_1_5' title="bbox 181 285 1361 1629">
     <span class='ocr_line' id='line_1_5' title="bbox 181 285 1359 335; baseline 0 -14"><span class='ocrx_word' id='word_1_7' title='bbox 181 285 401 322; x_wconf 87' lang='lat' dir='ltr'>sistendum</span> <span class='ocrx_word' id='word_1_8' title='bbox 444 288 690 335; x_wconf 84' lang='lat' dir='ltr'>sanguinem.</span> <span class='ocrx_word' id='word_1_9' title='bbox 747 291 788 322; x_wconf 88' lang='lat' dir='ltr'>et</span> <span class='ocrx_word' id='word_1_10' title='bbox 828 285 1056 335; x_wconf 83' lang='lat' dir='ltr'>nymphaea</span> <span class='ocrx_word' id='word_1_11' title='bbox 1097 288 1193 322; x_wconf 89' lang='lat' dir='ltr'>trita</span> <span class='ocrx_word' id='word_1_12' title='bbox 1233 285 1359 335; x_wconf 88' lang='lat' dir='ltr'>plagis</span> 
     </span>
     <span class='ocr_line' id='line_1_6' title="bbox 181 344 1359 393; baseline 0 -13"><span class='ocrx_word' id='word_1_13' title='bbox 181 347 394 393; x_wconf 79' lang='lat' dir='ltr'>inponitur.</span> <span class='ocrx_word' id='word_1_14' title='bbox 450 344 727 393; x_wconf 80' lang='lat' dir='ltr'>peucedanum</span> <span class='ocrx_word' id='word_1_15' title='bbox 757 357 846 380; x_wconf 86' lang='lat' dir='ltr'>cum</span> <span class='ocrx_word' id='word_1_16' title='bbox 877 347 1027 380; x_wconf 89' lang='lat' dir='ltr'>semine</span> <span class='ocrx_word' id='word_1_17' title='bbox 1058 347 1231 393; x_wconf 81' lang='lat' dir='ltr'>cupressi</span> <span class='ocrx_word' id='word_1_18' title='bbox 1260 345 1359 380; x_wconf 89' lang='lat' dir='ltr'>bibi-</span> 
     </span>
     <span class='ocr_line' id='line_1_7' title="bbox 181 401 1356 452; baseline 0 -13"><span class='ocrx_word' id='word_1_19' title='bbox 181 409 259 446; x_wconf 83' lang='lat' dir='ltr'>tur,</span> <span class='ocrx_word' id='word_1_20' title='bbox 278 405 308 439; x_wconf 90' lang='lat' dir='ltr'>si</span> <span class='ocrx_word' id='word_1_21' title='bbox 327 405 486 452; x_wconf 82' lang='lat' dir='ltr'>sanguis</span> <span class='ocrx_word' id='word_1_22' title='bbox 504 415 576 452; x_wconf 92' lang='lat' dir='ltr'>per</span> <span class='ocrx_word' id='word_1_23' title='bbox 593 416 634 439; x_wconf 90' lang='lat' dir='ltr'>os</span> <span class='ocrx_word' id='word_1_24' title='bbox 652 402 833 439; x_wconf 85' lang='lat' dir='ltr'>redditus</span> <span class='ocrx_word' id='word_1_25' title='bbox 853 408 913 439; x_wconf 88' lang='lat' dir='ltr'>est</span> <span class='ocrx_word' id='word_1_26' title='bbox 931 402 1095 439; x_wconf 77' lang='lat' dir='ltr'>fluxitve</span> <span class='ocrx_word' id='word_1_27' title='bbox 1115 403 1164 439; x_wconf 93' lang='lat' dir='ltr'>ab</span> <span class='ocrx_word' id='word_1_28' title='bbox 1182 401 1356 439; x_wconf 88' lang='lat' dir='ltr'>infernis.</span> 
     </span>
     <span class='ocr_line' id='line_1_8' title="bbox 181 461 1358 510; baseline 0.001 -13"><span class='ocrx_word' id='word_1_29' title='bbox 181 461 352 498; x_wconf 90' lang='lat' dir='ltr'>sideritis</span> <span class='ocrx_word' id='word_1_30' title='bbox 398 467 554 498; x_wconf 88' lang='lat' dir='ltr'>tantam</span> <span class='ocrx_word' id='word_1_31' title='bbox 601 465 678 497; x_wconf 80' lang='lat' dir='ltr'>vim</span> <span class='ocrx_word' id='word_1_32' title='bbox 724 461 847 498; x_wconf 89' lang='lat' dir='ltr'>habet</span> <span class='ocrx_word' id='word_1_33' title='bbox 893 467 938 498; x_wconf 85' lang='lat' dir='ltr'>ut</span> <span class='ocrx_word' id='word_1_34' title='bbox 984 464 1162 510; x_wconf 84' lang='lat' dir='ltr'>quamvis</span> <span class='ocrx_word' id='word_1_35' title='bbox 1207 464 1358 498; x_wconf 78' lang='lat' dir='ltr'>recenti</span> 
     </span>
     <span class='ocr_line' id='line_1_9' title="bbox 181 520 1359 570; baseline 0 -14"><span class='ocrx_word' id='word_1_36' title='bbox 181 520 410 570; x_wconf 88' lang='lat' dir='ltr'>gladiatoris</span> <span class='ocrx_word' id='word_1_37' title='bbox 435 520 586 557; x_wconf 83' lang='lat' dir='ltr'>vulneri</span> <span class='ocrx_word' id='word_1_38' title='bbox 609 520 775 570; x_wconf 82' lang='lat' dir='ltr'>inligata</span> <span class='ocrx_word' id='word_1_39' title='bbox 799 523 1033 570; x_wconf 82' lang='lat' dir='ltr'>sanguinem</span> <span class='ocrx_word' id='word_1_40' title='bbox 1056 520 1229 564; x_wconf 85' lang='lat' dir='ltr'>claudat,</span> <span class='ocrx_word' id='word_1_41' title='bbox 1253 520 1359 570; x_wconf 91' lang='lat' dir='ltr'>quod</span> 
     </span>
     <span class='ocr_line' id='line_1_10' title="bbox 181 578 1359 629; baseline 0 -14"><span class='ocrx_word' id='word_1_42' title='bbox 181 578 277 615; x_wconf 86' lang='lat' dir='ltr'>facit</span> <span class='ocrx_word' id='word_1_43' title='bbox 308 585 349 616; x_wconf 87' lang='lat' dir='ltr'>et</span> <span class='ocrx_word' id='word_1_44' title='bbox 379 578 530 616; x_wconf 86' lang='lat' dir='ltr'>ferulae</span> <span class='ocrx_word' id='word_1_45' title='bbox 560 582 655 615; x_wconf 90' lang='lat' dir='ltr'>cinis</span> <span class='ocrx_word' id='word_1_46' title='bbox 686 579 748 615; x_wconf 78' lang='lat' dir='ltr'>vel</span> <span class='ocrx_word' id='word_1_47' title='bbox 778 579 908 622; x_wconf 79' lang='lat' dir='ltr'>carbo,</span> <span class='ocrx_word' id='word_1_48' title='bbox 939 578 1084 629; x_wconf 82' lang='lat' dir='ltr'>fungus</span> <span class='ocrx_word' id='word_1_49' title='bbox 1115 592 1206 616; x_wconf 81' lang='lat' dir='ltr'>vero</span> <span class='ocrx_word' id='word_1_50' title='bbox 1237 582 1359 616; x_wconf 86' lang='lat' dir='ltr'>etiam</span> 
     </span>
     <span class='ocr_line' id='line_1_11' title="bbox 182 637 1358 688; baseline 0 -14"><span class='ocrx_word' id='word_1_51' title='bbox 182 639 389 682; x_wconf 88' lang='lat' dir='ltr'>efficacius,</span> <span class='ocrx_word' id='word_1_52' title='bbox 438 641 504 688; x_wconf 91' lang='lat' dir='ltr'>qui</span> <span class='ocrx_word' id='word_1_53' title='bbox 553 637 772 674; x_wconf 88' lang='lat' dir='ltr'>secundum</span> <span class='ocrx_word' id='word_1_54' title='bbox 820 638 994 674; x_wconf 88' lang='lat' dir='ltr'>radicem</span> <span class='ocrx_word' id='word_1_55' title='bbox 1043 641 1126 674; x_wconf 89' lang='lat' dir='ltr'>eius</span> <span class='ocrx_word' id='word_1_56' title='bbox 1174 641 1358 675; x_wconf 79' lang='lat' dir='ltr'>nascitur.</span> 
     </span>
     <span class='ocr_line' id='line_1_12' title="bbox 183 696 1359 746; baseline 0.001 -14"><span class='ocrx_word' id='word_1_57' title='bbox 183 697 403 733; x_wconf 81' lang='lat' dir='ltr'>LXXXIV.</span> <span class='ocrx_word' id='word_1_58' title='bbox 427 710 498 746; x_wconf 88' lang='lat' dir='ltr'>per</span> <span class='ocrx_word' id='word_1_59' title='bbox 520 710 635 733; x_wconf 88' lang='lat' dir='ltr'>nares</span> <span class='ocrx_word' id='word_1_60' title='bbox 659 702 795 733; x_wconf 87' lang='lat' dir='ltr'>autem</span> <span class='ocrx_word' id='word_1_61' title='bbox 818 696 957 733; x_wconf 89' lang='lat' dir='ltr'>fluenti</span> <span class='ocrx_word' id='word_1_62' title='bbox 982 702 1024 733; x_wconf 81' lang='lat' dir='ltr'>et</span> <span class='ocrx_word' id='word_1_63' title='bbox 1046 699 1199 733; x_wconf 88' lang='lat' dir='ltr'>cicutae</span> <span class='ocrx_word' id='word_1_64' title='bbox 1222 710 1359 733; x_wconf 87' lang='lat' dir='ltr'>semen</span> 
     </span>
     <span class='ocr_line' id='line_1_13' title="bbox 182 755 1359 805; baseline -0.001 -13"><span class='ocrx_word' id='word_1_65' title='bbox 182 759 321 792; x_wconf 88' lang='lat' dir='ltr'>tritum</span> <span class='ocrx_word' id='word_1_66' title='bbox 356 769 404 792; x_wconf 83' lang='lat' dir='ltr'>ex</span> <span class='ocrx_word' id='word_1_67' title='bbox 439 769 543 805; x_wconf 90' lang='lat' dir='ltr'>aqua</span> <span class='ocrx_word' id='word_1_68' title='bbox 576 755 839 805; x_wconf 74' lang='lat' dir='ltr'>additumque</span> <span class='ocrx_word' id='word_1_69' title='bbox 873 756 1009 791; x_wconf 82' lang='lat' dir='ltr'>efficax</span> <span class='ocrx_word' id='word_1_70' title='bbox 1043 755 1228 799; x_wconf 91' lang='lat' dir='ltr'>habetur,</span> <span class='ocrx_word' id='word_1_71' title='bbox 1261 758 1359 792; x_wconf 90' lang='lat' dir='ltr'>item</span> 
     </span>
     <span class='ocr_line' id='line_1_14' title="bbox 182 813 1360 863; baseline 0.001 -13"><span class='ocrx_word' id='word_1_72' title='bbox 182 814 493 863; x_wconf 84' lang='lat' dir='ltr'>stephanomelis</span> <span class='ocrx_word' id='word_1_73' title='bbox 527 827 576 851; x_wconf 84' lang='lat' dir='ltr'>ex</span> <span class='ocrx_word' id='word_1_74' title='bbox 611 827 726 863; x_wconf 89' lang='lat' dir='ltr'>aqua.</span> <span class='ocrx_word' id='word_1_75' title='bbox 781 817 1007 850; x_wconf 75' lang='lat' dir='ltr'>vettonicae</span> <span class='ocrx_word' id='word_1_76' title='bbox 1041 813 1169 850; x_wconf 88' lang='lat' dir='ltr'>farina</span> <span class='ocrx_word' id='word_1_77' title='bbox 1202 827 1223 850; x_wconf 91' lang='lat' dir='ltr'>e</span> <span class='ocrx_word' id='word_1_78' title='bbox 1256 814 1360 851; x_wconf 85' lang='lat' dir='ltr'>lacte</span> 
     </span>
     <span class='ocr_line' id='line_1_15' title="bbox 182 872 1359 922; baseline 0 -13"><span class='ocrx_word' id='word_1_79' title='bbox 182 876 341 922; x_wconf 87' lang='lat' dir='ltr'>caprino</span> <span class='ocrx_word' id='word_1_80' title='bbox 369 879 466 922; x_wconf 85' lang='lat' dir='ltr'>pota</span> <span class='ocrx_word' id='word_1_81' title='bbox 493 875 596 909; x_wconf 87' lang='lat' dir='ltr'>sistit</span> <span class='ocrx_word' id='word_1_82' title='bbox 625 886 674 909; x_wconf 74' lang='lat' dir='ltr'>ex</span> <span class='ocrx_word' id='word_1_83' title='bbox 702 873 825 909; x_wconf 89' lang='lat' dir='ltr'>ubere</span> <span class='ocrx_word' id='word_1_84' title='bbox 853 872 1060 916; x_wconf 84' lang='lat' dir='ltr'>fluentem,</span> <span class='ocrx_word' id='word_1_85' title='bbox 1088 872 1359 922; x_wconf 82' lang='lat' dir='ltr'>plantagoque</span> 
     </span>
     <span class='ocr_line' id='line_1_16' title="bbox 181 932 1360 981; baseline 0 -13"><span class='ocrx_word' id='word_1_86' title='bbox 181 938 358 968; x_wconf 80' lang='lat' dir='ltr'>contusa.</span> <span class='ocrx_word' id='word_1_87' title='bbox 415 932 592 968; x_wconf 89' lang='lat' dir='ltr'>eiusdem</span> <span class='ocrx_word' id='word_1_88' title='bbox 648 945 762 968; x_wconf 82' lang='lat' dir='ltr'>sucus</span> <span class='ocrx_word' id='word_1_89' title='bbox 818 932 1069 968; x_wconf 83' lang='lat' dir='ltr'>vomentibus</span> <span class='ocrx_word' id='word_1_90' title='bbox 1125 934 1360 981; x_wconf 82' lang='lat' dir='ltr'>sanguinem</span> 
     </span>
     <span class='ocr_line' id='line_1_17' title="bbox 182 990 1360 1039; baseline 0 -13"><span class='ocrx_word' id='word_1_91' title='bbox 182 991 311 1027; x_wconf 86' lang='lat' dir='ltr'>datur.</span> <span class='ocrx_word' id='word_1_92' title='bbox 367 990 417 1027; x_wconf 90' lang='lat' dir='ltr'>ad</span> <span class='ocrx_word' id='word_1_93' title='bbox 449 993 659 1027; x_wconf 88' lang='lat' dir='ltr'>erraticum</span> <span class='ocrx_word' id='word_1_94' title='bbox 691 996 827 1027; x_wconf 90' lang='lat' dir='ltr'>autem</span> <span class='ocrx_word' id='word_1_95' title='bbox 858 990 969 1026; x_wconf 80' lang='lat' dir='ltr'>radix</span> <span class='ocrx_word' id='word_1_96' title='bbox 1001 990 1240 1039; x_wconf 84' lang='lat' dir='ltr'>persollatae</span> <span class='ocrx_word' id='word_1_97' title='bbox 1271 1004 1360 1027; x_wconf 88' lang='lat' dir='ltr'>cum</span> 
     </span>
     <span class='ocr_line' id='line_1_18' title="bbox 183 1048 1361 1099; baseline 0 -14"><span class='ocrx_word' id='word_1_98' title='bbox 183 1052 356 1099; x_wconf 80' lang='lat' dir='ltr'>axungia</span> <span class='ocrx_word' id='word_1_99' title='bbox 398 1056 535 1086; x_wconf 84' lang='lat' dir='ltr'>vetere</span> <span class='ocrx_word' id='word_1_100' title='bbox 577 1049 692 1086; x_wconf 87' lang='lat' dir='ltr'>inlita</span> <span class='ocrx_word' id='word_1_101' title='bbox 734 1050 936 1099; x_wconf 85' lang='lat' dir='ltr'>probatur.</span> <span class='ocrx_word' id='word_1_102' title='bbox 993 1048 1190 1086; x_wconf 78' lang='lat' dir='ltr'>LXXXV.</span> <span class='ocrx_word' id='word_1_103' title='bbox 1235 1052 1361 1099; x_wconf 83' lang='lat' dir='ltr'>ruptis</span> 
     </span>
     <span class='ocr_line' id='line_1_19' title="bbox 183 1108 1360 1158; baseline 0 -14"><span class='ocrx_word' id='word_1_104' title='bbox 183 1108 471 1158; x_wconf 69' lang='lat' dir='ltr'>convulsisque,</span> <span class='ocrx_word' id='word_1_105' title='bbox 513 1121 562 1145; x_wconf 82' lang='lat' dir='ltr'>ex</span> <span class='ocrx_word' id='word_1_106' title='bbox 603 1108 685 1144; x_wconf 88' lang='lat' dir='ltr'>alto</span> <span class='ocrx_word' id='word_1_107' title='bbox 725 1108 890 1145; x_wconf 91' lang='lat' dir='ltr'>deiectis</span> <span class='ocrx_word' id='word_1_108' title='bbox 931 1111 1180 1144; x_wconf 85' lang='lat' dir='ltr'>centaurium</span> <span class='ocrx_word' id='word_1_109' title='bbox 1220 1111 1360 1151; x_wconf 91' lang='lat' dir='ltr'>maius,</span> 
     </span>
     <span class='ocr_line' id='line_1_20' title="bbox 181 1167 1361 1217; baseline 0 -14"><span class='ocrx_word' id='word_1_110' title='bbox 181 1170 397 1217; x_wconf 87' lang='lat' dir='ltr'>gentianae</span> <span class='ocrx_word' id='word_1_111' title='bbox 416 1167 528 1204; x_wconf 82' lang='lat' dir='ltr'>radix</span> <span class='ocrx_word' id='word_1_112' title='bbox 549 1170 645 1204; x_wconf 81' lang='lat' dir='ltr'>trita</span> <span class='ocrx_word' id='word_1_113' title='bbox 664 1167 727 1204; x_wconf 77' lang='lat' dir='ltr'>vel</span> <span class='ocrx_word' id='word_1_114' title='bbox 745 1167 911 1203; x_wconf 84' lang='lat' dir='ltr'>decocta</span> <span class='ocrx_word' id='word_1_115' title='bbox 930 1167 992 1203; x_wconf 81' lang='lat' dir='ltr'>vel</span> <span class='ocrx_word' id='word_1_116' title='bbox 1011 1180 1139 1210; x_wconf 85' lang='lat' dir='ltr'>sucus,</span> <span class='ocrx_word' id='word_1_117' title='bbox 1160 1170 1361 1204; x_wconf 78' lang='lat' dir='ltr'>vettonica</span> 
     </span>
     <span class='ocr_line' id='line_1_21' title="bbox 183 1225 1360 1275; baseline -0.001 -12"><span class='ocrx_word' id='word_1_118' title='bbox 183 1233 225 1263; x_wconf 90' lang='lat' dir='ltr'>et</span> <span class='ocrx_word' id='word_1_119' title='bbox 258 1226 332 1263; x_wconf 95' lang='lat' dir='ltr'>hoc</span> <span class='ocrx_word' id='word_1_120' title='bbox 367 1226 534 1275; x_wconf 89' lang='lat' dir='ltr'>amplius</span> <span class='ocrx_word' id='word_1_121' title='bbox 570 1240 593 1262; x_wconf 91' lang='lat' dir='ltr'>a</span> <span class='ocrx_word' id='word_1_122' title='bbox 627 1228 729 1262; x_wconf 80' lang='lat' dir='ltr'>vocis</span> <span class='ocrx_word' id='word_1_123' title='bbox 765 1232 835 1262; x_wconf 90' lang='lat' dir='ltr'>aut</span> <span class='ocrx_word' id='word_1_124' title='bbox 868 1225 1002 1262; x_wconf 87' lang='lat' dir='ltr'>lateris</span> <span class='ocrx_word' id='word_1_125' title='bbox 1038 1226 1360 1262; x_wconf 84' lang='lat' dir='ltr'>contentionibus</span> 
     </span>
     <span class='ocr_line' id='line_1_22' title="bbox 182 1284 1360 1335; baseline -0.001 -14"><span class='ocrx_word' id='word_1_126' title='bbox 182 1284 382 1335; x_wconf 83' lang='lat' dir='ltr'>panaces,l</span> <span class='ocrx_word' id='word_1_127' title='bbox 398 1285 607 1328; x_wconf 85' lang='lat' dir='ltr'>scordium,</span> <span class='ocrx_word' id='word_1_128' title='bbox 625 1284 874 1321; x_wconf 84' lang='lat' dir='ltr'>aristolochia</span> <span class='ocrx_word' id='word_1_129' title='bbox 888 1291 998 1334; x_wconf 78' lang='lat' dir='ltr'>pota,</span> <span class='ocrx_word' id='word_1_130' title='bbox 1015 1287 1215 1334; x_wconf 85' lang='lat' dir='ltr'>agaricum</span> <span class='ocrx_word' id='word_1_131' title='bbox 1230 1287 1330 1321; x_wconf 88' lang='lat' dir='ltr'>item</span> <span class='ocrx_word' id='word_1_132' title='bbox 1345 1284 1360 1306; x_wconf 79' lang='lat'>2</span> 
     </span>
     <span class='ocr_line' id='line_1_23' title="bbox 182 1343 1361 1392; baseline -0.001 -12"><span class='ocrx_word' id='word_1_133' title='bbox 182 1347 356 1380; x_wconf 89' lang='lat' dir='ltr'>contusis</span> <span class='ocrx_word' id='word_1_134' title='bbox 392 1350 433 1380; x_wconf 88' lang='lat' dir='ltr'>et</span> <span class='ocrx_word' id='word_1_135' title='bbox 469 1346 613 1380; x_wconf 79' lang='lat' dir='ltr'>eversis</span> <span class='ocrx_word' id='word_1_136' title='bbox 648 1349 787 1392; x_wconf 90' lang='lat' dir='ltr'>potum</span> <span class='ocrx_word' id='word_1_137' title='bbox 823 1343 977 1380; x_wconf 90' lang='lat' dir='ltr'>duobus</span> <span class='ocrx_word' id='word_1_138' title='bbox 1013 1343 1136 1380; x_wconf 92' lang='lat' dir='ltr'>obolis</span> <span class='ocrx_word' id='word_1_139' title='bbox 1170 1346 1211 1379; x_wconf 92' lang='lat' dir='ltr'>in</span> <span class='ocrx_word' id='word_1_140' title='bbox 1245 1343 1361 1380; x_wconf 92' lang='lat' dir='ltr'>mulsi</span> 
     </span>
     <span class='ocr_line' id='line_1_24' title="bbox 183 1401 1360 1452; baseline 0 -14"><span class='ocrx_word' id='word_1_141' title='bbox 183 1402 336 1452; x_wconf 78' lang='lat' dir='ltr'>cyathis</span> <span class='ocrx_word' id='word_1_142' title='bbox 362 1403 487 1439; x_wconf 89' lang='lat' dir='ltr'>tribus</span> <span class='ocrx_word' id='word_1_143' title='bbox 515 1409 597 1446; x_wconf 88' lang='lat' dir='ltr'>aut,</span> <span class='ocrx_word' id='word_1_144' title='bbox 623 1405 654 1438; x_wconf 94' lang='lat' dir='ltr'>si</span> <span class='ocrx_word' id='word_1_145' title='bbox 680 1401 800 1438; x_wconf 88' lang='lat' dir='ltr'>febris</span> <span class='ocrx_word' id='word_1_146' title='bbox 826 1405 890 1446; x_wconf 87' lang='lat' dir='ltr'>sit,</span> <span class='ocrx_word' id='word_1_147' title='bbox 915 1405 956 1438; x_wconf 91' lang='lat' dir='ltr'>in</span> <span class='ocrx_word' id='word_1_148' title='bbox 981 1415 1086 1451; x_wconf 86' lang='lat' dir='ltr'>aqua</span> <span class='ocrx_word' id='word_1_149' title='bbox 1109 1402 1250 1445; x_wconf 90' lang='lat' dir='ltr'>mulsa,</span> <span class='ocrx_word' id='word_1_150' title='bbox 1276 1415 1360 1438; x_wconf 90' lang='lat' dir='ltr'>ver-</span> 
     </span>
     <span class='ocr_line' id='line_1_25' title="bbox 182 1460 1360 1505; baseline 0 -8"><span class='ocrx_word' id='word_1_151' title='bbox 182 1461 345 1497; x_wconf 87' lang='lat' dir='ltr'>bascum</span> <span class='ocrx_word' id='word_1_152' title='bbox 363 1463 472 1497; x_wconf 88' lang='lat' dir='ltr'>cuius</span> <span class='ocrx_word' id='word_1_153' title='bbox 491 1460 560 1497; x_wconf 89' lang='lat' dir='ltr'>flos</span> <span class='ocrx_word' id='word_1_154' title='bbox 580 1461 714 1497; x_wconf 88' lang='lat' dir='ltr'>similis</span> <span class='ocrx_word' id='word_1_155' title='bbox 733 1474 828 1497; x_wconf 89' lang='lat' dir='ltr'>auro</span> <span class='ocrx_word' id='word_1_156' title='bbox 847 1467 921 1504; x_wconf 84' lang='lat' dir='ltr'>est,</span> <span class='ocrx_word' id='word_1_157' title='bbox 941 1463 1043 1497; x_wconf 89' lang='lat' dir='ltr'>acori</span> <span class='ocrx_word' id='word_1_158' title='bbox 1061 1461 1188 1505; x_wconf 43' lang='lat' dir='ltr'>rading</span> <span class='ocrx_word' id='word_1_159' title='bbox 1207 1463 1360 1497; x_wconf 87' lang='lat' dir='ltr'>aizoum</span> 
     </span>
     <span class='ocr_line' id='line_1_26' title="bbox 183 1519 1360 1570; baseline 0 -14"><span class='ocrx_word' id='word_1_160' title='bbox 183 1533 314 1563; x_wconf 90' lang='lat' dir='ltr'>omne,</span> <span class='ocrx_word' id='word_1_161' title='bbox 335 1520 405 1556; x_wconf 92' lang='lat' dir='ltr'>sed</span> <span class='ocrx_word' id='word_1_162' title='bbox 425 1522 582 1556; x_wconf 86' lang='lat' dir='ltr'>maioris</span> <span class='ocrx_word' id='word_1_163' title='bbox 603 1533 717 1556; x_wconf 91' lang='lat' dir='ltr'>sucus</span> <span class='ocrx_word' id='word_1_164' title='bbox 738 1520 1017 1563; x_wconf 87' lang='lat' dir='ltr'>efficacissime,</span> <span class='ocrx_word' id='word_1_165' title='bbox 1037 1522 1136 1556; x_wconf 89' lang='lat' dir='ltr'>item</span> <span class='ocrx_word' id='word_1_166' title='bbox 1156 1519 1360 1570; x_wconf 91' lang='lat' dir='ltr'>symphyti</span> 
     </span>
     <span class='ocr_line' id='line_1_27' title="bbox 183 1577 1359 1629; baseline -0.001 -14"><span class='ocrx_word' id='word_1_167' title='bbox 183 1581 242 1615; x_wconf 91' lang='lat' dir='ltr'>ius</span> <span class='ocrx_word' id='word_1_168' title='bbox 258 1577 273 1600; x_wconf 84' lang='lat'>³</span> <span class='ocrx_word' id='word_1_169' title='bbox 297 1578 360 1615; x_wconf 80' lang='lat' dir='ltr'>vel</span> <span class='ocrx_word' id='word_1_170' title='bbox 383 1579 523 1615; x_wconf 89' lang='lat' dir='ltr'>radicis</span> <span class='ocrx_word' id='word_1_171' title='bbox 548 1578 771 1622; x_wconf 88' lang='lat' dir='ltr'>decoctum,</span> <span class='ocrx_word' id='word_1_172' title='bbox 796 1578 941 1615; x_wconf 90' lang='lat' dir='ltr'>daucos</span> <span class='ocrx_word' id='word_1_173' title='bbox 966 1578 1100 1622; x_wconf 85' lang='lat' dir='ltr'>cruda,</span> <span class='ocrx_word' id='word_1_174' title='bbox 1127 1578 1359 1629; x_wconf 84' lang='lat' dir='ltr'>erysithales</span> 
     </span>
    </p>
   </div>
   <div class='ocr_carea' id='block_1_6' title="bbox 185 1652 1359 1951">
    <p class='ocr_par' dir='ltr' id='par_1_6' title="bbox 185 1652 1359 1780">
     <span class='ocr_line' id='line_1_28' title="bbox 234 1652 1359 1694; baseline 0 -10"><span class='ocrx_word' id='word_1_175' title='bbox 234 1654 244 1672; x_wconf 84' lang='lat'>¹</span> <span class='ocrx_word' id='word_1_176' title='bbox 269 1664 379 1689; x_wconf 86' lang='lat' dir='ltr'>sucus,</span> <span class='ocrx_word' id='word_1_177' title='bbox 418 1655 592 1685; x_wconf 77' lang='lat' dir='ltr'>vettonica</span> <span class='ocrx_word' id='word_1_178' title='bbox 629 1658 664 1684; x_wconf 90' lang='lat' dir='ltr'>et</span> <span class='ocrx_word' id='word_1_179' title='bbox 700 1654 763 1684; x_wconf 83' lang='lat' dir='ltr'>hoc</span> <span class='ocrx_word' id='word_1_180' title='bbox 789 1677 796 1684; x_wconf 86' lang='lat'>.</span> <span class='ocrx_word' id='word_1_181' title='bbox 823 1677 830 1684; x_wconf 86' lang='lat'><em>.</em></span> <span class='ocrx_word' id='word_1_182' title='bbox 857 1678 864 1684; x_wconf 93' lang='lat'><em>.</em></span> <span class='ocrx_word' id='word_1_183' title='bbox 890 1652 1166 1684; x_wconf 81' lang='lat' dir='ltr'>contentionibus</span> <span class='ocrx_word' id='word_1_184' title='bbox 1203 1663 1359 1694; x_wconf 74' lang='lat' dir='ltr'>panaceS,</span> 
     </span>
     <span class='ocr_line' id='line_1_29' title="bbox 186 1695 1358 1736; baseline 0.001 -10"><span class='ocrx_word' id='word_1_185' title='bbox 186 1696 296 1727; x_wconf 77' lang='lat' dir='ltr'>Diosc.</span> <span class='ocrx_word' id='word_1_186' title='bbox 330 1696 399 1727; x_wconf 82' lang='lat' dir='ltr'>coll.</span> <span class='ocrx_word' id='word_1_187' title='bbox 435 1695 609 1736; x_wconf 76' lang='lat' dir='ltr'>Mayhoff:</span> <span class='ocrx_word' id='word_1_188' title='bbox 656 1707 755 1727; x_wconf 89' lang='lat' dir='ltr'>sucus</span> <span class='ocrx_word' id='word_1_189' title='bbox 789 1697 993 1733; x_wconf 82' lang='lat' dir='ltr'>vettonicae,</span> <span class='ocrx_word' id='word_1_190' title='bbox 1027 1699 1062 1727; x_wconf 81' lang='lat' dir='ltr'>et</span> <span class='ocrx_word' id='word_1_191' title='bbox 1094 1696 1157 1727; x_wconf 87' lang='lat' dir='ltr'>hoe</span> <span class='ocrx_word' id='word_1_192' title='bbox 1183 1720 1189 1727; x_wconf 95' lang='lat'><strong>.</strong></span> <span class='ocrx_word' id='word_1_193' title='bbox 1216 1721 1223 1727; x_wconf 88' lang='lat'><em>.</em></span> <span class='ocrx_word' id='word_1_194' title='bbox 1250 1721 1258 1727; x_wconf 93' lang='lat'><strong><em>.</em></strong></span> <span class='ocrx_word' id='word_1_195' title='bbox 1283 1706 1358 1727; x_wconf 90' lang='lat' dir='ltr'>con-</span> 
     </span>
     <span class='ocr_line' id='line_1_30' title="bbox 185 1738 770 1780; baseline -0.002 -10"><span class='ocrx_word' id='word_1_196' title='bbox 185 1739 407 1776; x_wconf 71' lang='lat' dir='ltr'>tentionibus,</span> <span class='ocrx_word' id='word_1_197' title='bbox 424 1749 580 1780; x_wconf 84' lang='lat' dir='ltr'>panaces,</span> <span class='ocrx_word' id='word_1_198' title='bbox 597 1738 770 1779; x_wconf 75' lang='lat' dir='ltr'>Detlef-sen.</span> 
     </span>
    </p>

    <p class='ocr_par' dir='ltr' id='par_1_7' title="bbox 231 1781 973 1822">
     <span class='ocr_line' id='line_1_31' title="bbox 231 1781 973 1822; baseline -0.001 -9"><span class='ocrx_word' id='word_1_199' title='bbox 231 1782 243 1800; x_wconf 77' lang='lat'><strong>²</strong></span> <span class='ocrx_word' id='word_1_200' title='bbox 266 1783 349 1813; x_wconf 85' lang='lat' dir='ltr'>item</span> <span class='ocrx_word' id='word_1_201' title='bbox 366 1781 468 1818; x_wconf 70' lang='lat' dir='ltr'>codd„</span> <span class='ocrx_word' id='word_1_202' title='bbox 486 1781 650 1822; x_wconf 77' lang='lat' dir='ltr'>Detlessen</span> <span class='ocrx_word' id='word_1_203' title='bbox 665 1794 671 1812; x_wconf 93' lang='lat'><strong>:</strong></span> <span class='ocrx_word' id='word_1_204' title='bbox 702 1781 792 1813; x_wconf 90' lang='lat' dir='ltr'>idem</span> <span class='ocrx_word' id='word_1_205' title='bbox 810 1781 973 1821; x_wconf 61' lang='lat' dir='ltr'>fllayhoff.</span> 
     </span>
    </p>

    <p class='ocr_par' dir='ltr' id='par_1_8' title="bbox 185 1824 1357 1951">
     <span class='ocr_line' id='line_1_32' title="bbox 230 1824 1357 1865; baseline 0 -10"><span class='ocrx_word' id='word_1_206' title='bbox 230 1826 242 1843; x_wconf 83' lang='lat'>³</span> <span class='ocrx_word' id='word_1_207' title='bbox 265 1825 443 1865; x_wconf 77' lang='lat' dir='ltr'>symphyti</span> <span class='ocrx_word' id='word_1_208' title='bbox 464 1826 515 1856; x_wconf 89' lang='lat' dir='ltr'>ius</span> <span class='ocrx_word' id='word_1_209' title='bbox 537 1824 644 1855; x_wconf 65' lang='lat' dir='ltr'>Ianus</span> <span class='ocrx_word' id='word_1_210' title='bbox 666 1824 735 1855; x_wconf 80' lang='lat' dir='ltr'>coll.</span> <span class='ocrx_word' id='word_1_211' title='bbox 758 1834 805 1855; x_wconf 74' lang='lat' dir='ltr'>xx</span> <span class='ocrx_word' id='word_1_212' title='bbox 827 1825 913 1855; x_wconf 82' lang='lat'><strong>234:</strong></span> <span class='ocrx_word' id='word_1_213' title='bbox 948 1824 1126 1865; x_wconf 81' lang='lat' dir='ltr'>symphyti</span> <span class='ocrx_word' id='word_1_214' title='bbox 1148 1825 1252 1865; x_wconf 88' lang='lat' dir='ltr'>ipsius</span> <span class='ocrx_word' id='word_1_215' title='bbox 1274 1825 1357 1856; x_wconf 76' lang='lat' dir='ltr'>coni.</span> 
     </span>
     <span class='ocr_line' id='line_1_33' title="bbox 187 1867 1355 1908; baseline 0 -10"><span class='ocrx_word' id='word_1_216' title='bbox 187 1867 344 1908; x_wconf 78' lang='lat' dir='ltr'>Mayhoff</span> <span class='ocrx_word' id='word_1_217' title='bbox 355 1880 361 1898; x_wconf 90' lang='lat'>:</span> <span class='ocrx_word' id='word_1_218' title='bbox 404 1868 653 1908; x_wconf 81' lang='lat' dir='ltr'>symphytieius</span> <span class='ocrx_word' id='word_1_219' title='bbox 683 1867 727 1898; x_wconf 89' lang='lat' dir='ltr'>d:</span> <span class='ocrx_word' id='word_1_220' title='bbox 769 1867 976 1908; x_wconf 84' lang='lat' dir='ltr'>symphitius</span> <span class='ocrx_word' id='word_1_221' title='bbox 1005 1867 1056 1898; x_wconf 80' lang='lat' dir='ltr'>V:</span> <span class='ocrx_word' id='word_1_222' title='bbox 1099 1868 1274 1908; x_wconf 79' lang='lat' dir='ltr'>symphyti</span> <span class='ocrx_word' id='word_1_223' title='bbox 1305 1867 1355 1898; x_wconf 92' lang='lat' dir='ltr'>E:</span> 
     </span>
     <span class='ocr_line' id='line_1_34' title="bbox 185 1909 602 1951; baseline -0.002 -10"><span class='ocrx_word' id='word_1_224' title='bbox 185 1911 361 1951; x_wconf 77' lang='lat' dir='ltr'>symphyti</span> <span class='ocrx_word' id='word_1_225' title='bbox 379 1920 479 1941; x_wconf 85' lang='lat' dir='ltr'>sucus</span> <span class='ocrx_word' id='word_1_226' title='bbox 495 1909 602 1949; x_wconf 72' lang='lat' dir='ltr'>Silliq.</span> 
     </span>
    </p>
   </div>
   <div class='ocr_carea' id='block_1_7' title="bbox 179 2010 1359 2094">
    <p class='ocr_par' dir='ltr' id='par_1_9' title="bbox 179 2010 1359 2094">
     <span class='ocr_line' id='line_1_35' title="bbox 223 2010 1359 2052; baseline 0.001 -11"><span class='ocrx_word' id='word_1_227' title='bbox 223 2015 238 2029; x_wconf 82' lang='lat'>‘²</span> <span class='ocrx_word' id='word_1_228' title='bbox 261 2010 314 2051; x_wconf 90' lang='lat' dir='ltr'>By</span> <span class='ocrx_word' id='word_1_229' title='bbox 330 2011 450 2051; x_wconf 78' lang='lat' dir='ltr'>farina</span> <span class='ocrx_word' id='word_1_230' title='bbox 472 2010 676 2051; x_wconf 86' lang='lat' dir='ltr'>apparently</span> <span class='ocrx_word' id='word_1_231' title='bbox 698 2012 726 2041; x_wconf 79' lang='lat' dir='ltr'>is</span> <span class='ocrx_word' id='word_1_232' title='bbox 748 2015 865 2042; x_wconf 89' lang='lat' dir='ltr'>meant</span> <span class='ocrx_word' id='word_1_233' title='bbox 888 2010 983 2041; x_wconf 84' lang='lat' dir='ltr'>dried</span> <span class='ocrx_word' id='word_1_234' title='bbox 1010 2010 1138 2051; x_wconf 87' lang='lat' dir='ltr'>betony</span> <span class='ocrx_word' id='word_1_235' title='bbox 1165 2010 1296 2052; x_wconf 84' lang='lat' dir='ltr'>ground</span> <span class='ocrx_word' id='word_1_236' title='bbox 1322 2014 1359 2043; x_wconf 89' lang='lat' dir='ltr'>to</span> 
     </span>
     <span class='ocr_line' id='line_1_36' title="bbox 179 2053 992 2094; baseline 0.001 -10"><span class='ocrx_word' id='word_1_237' title='bbox 179 2053 325 2094; x_wconf 88' lang='lat' dir='ltr'>powder.</span> <span class='ocrx_word' id='word_1_238' title='bbox 374 2053 409 2084; x_wconf 87' lang='lat' dir='ltr'>It</span> <span class='ocrx_word' id='word_1_239' title='bbox 423 2054 533 2094; x_wconf 85' lang='lat' dir='ltr'>might</span> <span class='ocrx_word' id='word_1_240' title='bbox 549 2063 648 2084; x_wconf 87' lang='lat' dir='ltr'>mean</span> <span class='ocrx_word' id='word_1_241' title='bbox 665 2053 723 2084; x_wconf 82' lang='lat' dir='ltr'>the</span> <span class='ocrx_word' id='word_1_242' title='bbox 739 2053 870 2094; x_wconf 86' lang='lat' dir='ltr'>ground</span> <span class='ocrx_word' id='word_1_243' title='bbox 887 2053 992 2085; x_wconf 84' lang='lat' dir='ltr'>seeds.</span> 
     </span>
    </p>
   </div>
   <div class='ocr_carea' id='block_1_8' title="bbox 183 2107 253 2154">
    <p class='ocr_par' dir='ltr' id='par_1_10' title="bbox 183 2107 253 2154">
     <span class='ocr_line' id='line_1_37' title="bbox 183 2107 253 2154; baseline 0 -12"><span class='ocrx_word' id='word_1_244' title='bbox 183 2107 253 2154; x_wconf 77' lang='lat'>366</span> 
     </span>
    </p>
   </div>
  </div>
 </body>
</html>
