1459 2288
326 106 520 144 PLINY:
564 104 826 142 NATURAL
859 102 1095 140 HISTORY

54 216 94 245 67
172 209 278 245 XLI.
311 207 522 258 Myricenl
565 210 709 243 ericam
750 210 865 242 vocat
905 204 1089 241 Lenaeus
1130 202 1299 240 similem

122 265 246 311 scopis
268 263 488 303 Amerinis;
524 263 652 296 sanari
673 259 769 296 dicit
791 271 838 295 ea
859 261 1127 294 carcinomata
1148 259 1189 293 in
1210 259 1300 293 vino

122 316 287 352 decocta
324 318 500 363 tritaque
538 327 628 349 cum
666 312 786 349 melle
824 311 950 347 inlita.
1007 310 1176 347 eandem
1215 322 1301 346 esse

124 370 367 404 arbitrantur
422 367 583 416 quidam
640 367 870 402 tamaricen.
927 364 997 400 sed
1052 363 1103 400 ad
1156 363 1302 399 lienem

123 424 336 471 praecipua
354 420 446 463 est,2
463 423 493 456 si
510 433 625 456 sucus
641 422 724 455 eius
742 430 950 467 expressus
967 420 1007 453 in
1023 419 1113 453 vino
1129 417 1301 453 bibatur.

124 475 304 523 adeoque
340 473 560 510 mirabilem
597 475 680 508 eius
717 471 968 520 antipathian
1003 476 1142 506 contra
1176 469 1302 506 solum

123 528 196 564 hoc
223 531 417 563 viscerum
446 526 612 568 faciunt,
641 531 686 562 ut
714 525 941 567 adfirment,
969 526 1000 560 si
1029 536 1078 559 ex
1107 536 1154 559 ea
1181 522 1301 558 alveis

57 587 97 617 68
125 580 238 616 factis
257 581 398 617 bibant
418 593 507 616 sues
526 582 609 615 sine
629 578 732 614 liene
752 580 932 614 inveniri.
987 582 1029 612 et
1048 576 1138 613 ideo
1156 575 1304 612 homini

126 647 284 683 quoque
307 633 480 682 splenico
500 633 631 668 cibum
651 638 872 681 potumque
892 631 991 667 dant
1009 632 1049 665 in
1067 631 1168 665 vasis
1188 642 1238 665 ex
1258 642 1305 665 ea

126 686 252 723 factis.
308 689 436 735 gravis
465 692 601 721 autem
628 690 765 721 auctor
790 687 830 720 in
854 683 1054 720 medicina
1079 685 1229 732 virgam
1256 695 1305 718 ex

127 753 173 776 ea
198 739 433 782 defractam,
458 745 503 775 ut
528 751 658 787 neque
684 744 832 774 terram
858 749 988 786 neque
1013 735 1161 772 ferrum
1187 737 1306 771 attin-

126 799 255 842 geret,
285 793 424 829 sedare
455 794 603 828 ventris
632 791 786 828 dolores
816 790 1065 826 adseveravit
1093 791 1306 838 inpositam

127 850 181 882 ita
201 852 245 882 ut
264 848 398 882 tunica
416 848 629 894 cinctuque
648 846 799 893 corpori
818 844 1121 892 adprimeretur.
1170 841 1306 891 volgus

126 899 324 935 infelicem
342 899 523 935 arborem
542 911 630 934 eam
649 897 838 947 appellat,
856 903 901 933 ut
917 896 1102 939 diximus,
1120 897 1307 945 quoniam

126 952 221 989 nihil
241 952 344 988 ferat
364 965 437 988 nec
457 957 612 987 seratur
631 964 834 1000 umquam.

59 1012 99 1042 69
179 1005 309 1042 XLII.
339 1005 551 1041 Corinthus
578 1010 618 1040 et
645 1017 747 1053 quae
773 1007 874 1039 circa
900 1007 961 1039 est
988 1002 1156 1038 Graecia
1180 1001 1307 1051 bryan

129 1065 243 1095 vocat
280 1061 444 1107 eiusque
481 1058 560 1094 duo
596 1071 745 1107 genera
781 1056 890 1098 facit,
927 1055 1152 1092 silvestrem
1188 1054 1308 1104 plane

129 1112 318 1155 sterilem,
349 1112 515 1148 alteram
546 1113 757 1147 mitiorem.
812 1109 911 1145 haec
940 1108 1019 1145 fert
1047 1111 1089 1144 in
1118 1109 1308 1157 Aegypto

130 1164 322 1215 Syriaque
384 1167 505 1201 etiam
567 1164 819 1200 abundanter
878 1162 1075 1212 lignosum
1135 1161 1309 1197 fructum

130 1221 319 1254 maiorem
347 1218 465 1267 galla,
493 1231 676 1266 asperum
704 1222 839 1266 gustu,
866 1229 944 1265 quo
971 1215 1114 1251 medici
1141 1219 1310 1251 utuntur

133 1274 215 1307 vice
237 1271 366 1321 gallae
388 1274 427 1307 in
448 1271 798 1319 compositionibus
821 1282 918 1318 quas
941 1268 1128 1305 antheras
1149 1272 1304 1304 vocant.

132 1330 173 1361 et
195 1324 346 1374 lignum
369 1329 505 1360 autem
529 1330 571 1360 et
592 1323 662 1360 flos
685 1329 726 1359 et
749 1322 841 1359 folia
863 1328 905 1358 et
926 1328 1062 1358 cortex
1085 1323 1125 1357 in
1148 1320 1309 1357 eosdem

63 1384 104 1414 70
133 1391 224 1414 usus
283 1377 538 1419 adhibentur,
588 1389 831 1426 quamquam
889 1378 1123 1411 remissiora.
1191 1374 1310 1410 datur

133 1434 366 1480 sanguinem
395 1431 649 1466 reicientibus
677 1435 813 1466 cortex
841 1431 959 1465 tritus
988 1434 1030 1465 et
1056 1433 1195 1464 contra
1222 1440 1308 1476 pro-

133 1484 251 1521 fluxia
289 1484 540 1526 feminarum,
579 1483 757 1520 coeliacis
796 1495 967 1531 quoque.
1022 1481 1128 1518 idem
1167 1486 1308 1517 tunsus

184 1577 194 1595 ¹
218 1577 369 1617 Myricen
393 1578 516 1607 ericam
550 1576 725 1616 Mayhoff:
765 1575 915 1615 Myricen
945 1575 1015 1605 iam
1036 1574 1161 1605 ericam
1190 1573 1308 1609 Ianus,

139 1619 301 1661 L'etlefsen
317 1632 323 1650 :
361 1621 511 1650 muricen
530 1630 605 1650 eam
624 1620 748 1650 ericam
766 1618 854 1649 codd.

183 1664 194 1681 ²
218 1663 275 1693 sed
298 1663 342 1693 ad
364 1663 485 1693 lienem
508 1663 689 1702 praecipua
713 1663 779 1701 est]
802 1661 848 1691 ita
868 1661 1032 1702 Dellefsen
1054 1670 1126 1690 cum
1140 1659 1248 1690 codd.:
1275 1662 1310 1689 et

137 1705 326 1778 acllllienem
348 1707 566 1746 praecipuam
589 1704 752 1745 Mayhoff,
768 1703 824 1744 qui
848 1709 919 1744 post
941 1704 1128 1734 tamaricen
1151 1706 1309 1742 punctum

84 1778 90 1779 ἶ
136 1754 164 1778 το
191 1753 224 1779 zt.

180 1893 193 1906 ⁰
216 1888 276 1919 See
294 1888 387 1918 XVI.
406 1889 420 1927 ξ
440 1889 510 1919 108.
556 1887 718 1928 Perhaps,
739 1887 758 1899 “
772 1897 874 1917 never
890 1896 997 1927 grows
1014 1885 1100 1916 from
1116 1883 1228 1916 seed.”

182 1931 194 1950 ²²
217 1931 284 1962 For
296 1931 454 1962 coeliacus
468 1931 596 1961 morbus
610 1941 664 1961 see
678 1930 792 1962 Celsus
806 1930 865 1961 IV.
884 1931 922 1960 19
937 1930 951 1968 §
968 1930 996 1959 l.
1042 1928 1095 1959 W.
1111 1928 1150 1959 G.
1166 1928 1312 1968 Speneer

133 1976 166 2005 in
188 1974 239 2005 his
259 1974 326 2004 last
346 1978 427 2004 note
449 1984 492 2004 on
514 1974 592 2004 that
612 1983 755 2014 passage
775 1983 854 2013 says
875 1972 954 2003 that
974 1971 1089 2003 Celsus
1110 1980 1252 2018 appears
1273 1974 1311 2001 to

138 2047 181 2084 52
