1459 2288
128 223 165 253 51

128 701 169 732 52

129 1181 170 1212 53

399 115 593 152 PLINY:
639 114 901 152 NATURAL
935 113 1167 151 HISTORY

248 217 412 254 XXXV.
441 216 617 253 Sabucus
670 215 793 252 habet
845 215 1015 251 alterum
1066 228 1192 265 genus
1245 217 1370 264 magis

196 270 375 307 silvestre
415 269 522 319 quod
569 269 710 306 Graeci
753 268 1052 310 chamaeacten,
1097 268 1159 304 alii
1207 267 1368 304 helion¹

196 329 352 366 vocant,
376 323 503 359 multo
526 323 696 359 brevius.
752 325 958 371 utriusque
982 321 1191 358 decoctum
1217 323 1256 357 in
1280 323 1370 357 vino

196 379 335 420 veteri,
364 375 546 412 foliorum
575 375 636 411 vel
666 378 825 411 seminis
854 375 914 410 vel
944 374 1098 417 radicis,
1127 374 1177 411 ad
1205 373 1370 424 cyathos

194 431 306 466 binos
337 435 477 478 potum
509 428 712 465 stomacho
743 428 883 464 inutile
916 428 1007 470 est,2
1039 427 1126 463 alvo
1156 427 1372 464 detrahens

196 496 352 532 aquam.
407 481 618 532 refrigerat
647 485 768 518 etiam
797 480 1167 523 inflammationem,
1196 483 1370 516 maxime

195 538 365 572 recentis
404 535 608 578 ambusti,3
647 541 687 571 et
725 537 832 570 canis
869 547 1042 570 morsum
1081 547 1171 569 cum
1210 533 1372 583 polenta

195 589 432 626 mollissimis
474 588 656 625 foliorum
698 587 832 624 inlitis.
887 600 1002 623 sucus
1043 587 1195 622 cerebri
1235 586 1373 623 collec-

195 645 324 679 tiones
346 644 612 691 privatimque
634 642 892 677 membranae
917 653 1020 689 quae
1042 643 1144 676 circa
1166 640 1373 676 cerebrum

197 701 257 732 est
272 695 370 731 lenit
384 694 548 731 infusus.
604 697 704 730 acini
720 697 802 730 eius
816 693 1049 730 infirmiores
1065 706 1184 742 quam
1200 693 1350 742 reliqua
1364 705 1373 736 ;

196 751 358 798 tingunt
396 748 595 797 capillum,
635 750 718 797 poti
759 747 955 783 acetabuli
995 759 1180 782 mensura
1220 749 1371 782 urinam

195 807 369 838 movent.
423 800 605 838 foliorum
622 800 851 837 mollissima
869 813 917 836 ex
935 799 1022 836 oleo
1041 805 1083 836 et
1100 799 1182 836 sale
1199 799 1373 835 eduntur

197 855 246 891 ad
295 857 483 904 pituitam
531 854 734 903 bilemque
783 853 1086 890 detrahendam.
1142 852 1192 889 ad
1240 855 1372 889 omnia

196 909 388 944 efficacior
411 920 514 956 quae
537 910 676 943 minor.
731 907 871 943 radicis
897 909 980 942 eius
1004 906 1195 942 decoctae
1219 907 1259 942 in
1282 908 1372 942 vino

197 962 275 998 duo
327 961 461 1011 cyathi
514 963 597 1010 poti
650 960 885 1009 hydropicos
938 961 1187 1001 exinaniunt,
1239 958 1371 995 volvas

196 1014 416 1057 emolliunt,
454 1014 524 1050 has
563 1019 605 1050 et
643 1013 824 1049 foliorum
862 1012 1059 1049 decocta4
1100 1012 1370 1048 insidentium.

196 1068 327 1104 caules
351 1070 480 1104 teneri
505 1067 699 1103 mitioris5
724 1067 858 1102 sabuci
882 1068 921 1102 in
946 1068 1091 1115 patinis
1116 1067 1216 1101 cocti
1241 1065 1370 1102 alvum

196 1121 366 1164 solvunt,
416 1123 608 1157 resistunt
648 1119 741 1156 folia
782 1125 823 1156 et
864 1121 1108 1168 serpentium
1150 1119 1292 1155 ictibus
1333 1121 1372 1154 in

197 1177 286 1210 vino
316 1180 423 1223 pota.
477 1174 698 1223 podagricis
718 1186 808 1209 cum
829 1173 924 1209 sebo
944 1172 1092 1208 hircino
1113 1171 1373 1208 vehementer

196 1233 361 1277 prosunt
380 1227 560 1263 cauliculi
578 1226 702 1269 inliti3
734 1226 855 1262 iidem
874 1228 914 1262 in
935 1238 1038 1274 aqua
1056 1231 1310 1261 macerantur
1328 1230 1373 1261 ut

197 1294 331 1330 sparsa
374 1293 420 1317 ea
462 1280 610 1329 pulices
652 1285 858 1316 necentur.
912 1278 1093 1315 foliorum
1135 1278 1300 1315 decocto
1342 1280 1372 1314 si

197 1334 303 1371 locus
335 1339 559 1384 spargatur,
590 1346 750 1369 muscae
782 1338 987 1368 necantur.
1042 1332 1118 1368 boa
1150 1331 1374 1381 appellatur

197 1388 356 1424 morbus
377 1387 624 1436 papularum,
637 1400 727 1422 cum
746 1387 893 1422 rubent
913 1397 1088 1434 corpora;
1109 1385 1244 1421 sabuci
1264 1398 1373 1421 ramo

196 1441 441 1477 verberatur.
491 1446 628 1476 cortex
648 1442 812 1476 interior
830 1441 948 1475 tritus
969 1451 1018 1475 ex
1037 1441 1128 1474 vino
1148 1438 1237 1475 albo
1256 1443 1373 1487 potus

197 1494 326 1531 alvum
345 1493 472 1530 solvit.

245 1563 255 1581 ¹
279 1563 405 1604 helion]
423 1562 498 1593 add.
516 1566 617 1592 acten
634 1573 649 1592 e
665 1561 857 1593 Dioscoride
878 1560 991 1597 (ἕλειος
1008 1560 1103 1601 ἀκτὴ)
1122 1560 1166 1591 Η.
1186 1559 1331 1591 Haffter.

247 1605 259 1624 ²
281 1610 333 1636 est
355 1616 429 1636 cum
449 1605 537 1636 codd.
564 1604 749 1646 Detlefsen:
777 1608 829 1635 set
853 1614 890 1634 esc
915 1603 1105 1634 Dioscorida
1129 1602 1264 1643 (μέντοι)
1289 1602 1372 1634 coni.

204 1648 367 1688 Mayhoff.
413 1648 480 1679 Pro
494 1647 616 1678 inutile
626 1647 768 1687 fortasse
784 1646 876 1682 utile,
896 1646 978 1686 quod
993 1646 1030 1676 in
1047 1646 1080 1677 X
1095 1645 1269 1676 invenitur.

247 1691 260 1709 ³
283 1692 428 1723 recentis
445 1691 597 1721 ambusti
615 1690 703 1721 codd.
720 1702 727 1720 ε
757 1690 906 1721 recentia
924 1689 1085 1720 ambusta
1102 1688 1263 1729 Mayhoff.

246 1736 259 1754 4
283 1734 423 1765 decocta
440 1734 527 1764 codd.
545 1745 551 1763 :
582 1733 760 1764 decoctum
779 1732 940 1772 Mayhoff.

247 1777 259 1796 ⁵
282 1777 420 1808 minoris
437 1777 520 1808 coni.
545 1776 769 1816 Warminqton
785 1775 855 1806 coll.
874 1777 888 1814 ξ
904 1776 942 1806 51
958 1787 965 1806 :
994 1775 1138 1806 mitioris
1155 1773 1243 1805 codd.

242 1856 257 1871 ⁰
279 1852 426 1893 Infando
442 1852 470 1882 is
486 1851 568 1882 used
585 1851 624 1882 of
635 1851 893 1891 administering
908 1850 988 1880 food
1004 1849 1073 1880 and
1089 1849 1188 1880 drink
1203 1849 1372 1891 generally

198 1906 235 1927 or
252 1895 291 1926 of
304 1895 468 1926 medicine
485 1895 519 1925 in
538 1894 734 1935 particular.
781 1894 992 1929 Sometimes,
1011 1893 1074 1923 but
1091 1895 1153 1923 not
1170 1903 1207 1923 as
1224 1892 1318 1924 often
1335 1903 1374 1923 as

199 1938 306 1979 might
325 1938 365 1968 be
384 1937 559 1978 expected,
577 1938 604 1967 in
622 1938 650 1968 is
666 1937 749 1968 used
766 1936 805 1967 of
818 1937 1009 1975 injections.
1055 1935 1146 1966 Here
1165 1936 1192 1966 it
1210 1945 1316 1967 seems
1334 1939 1371 1966 to

197 1982 237 2012 be
252 1981 344 2017 used,
360 1985 422 2012 not
436 1981 475 2012 of
484 1981 665 2021 injections
679 1981 753 2011 into
767 1979 825 2010 the
840 1979 938 2015 skull‚
955 1979 1017 2010 but,
1033 1978 1072 2009 of
1082 1979 1268 2019 anointing.

202 2055 245 2087 42
