<?xml version="1.0" encoding="UTF-8"?>
<!DOCTYPE html PUBLIC "-//W3C//DTD XHTML 1.0 Transitional//EN"
    "http://www.w3.org/TR/xhtml1/DTD/xhtml1-transitional.dtd">
<html xmlns="http://www.w3.org/1999/xhtml" xml:lang="en" lang="en">
 <head>
  <title>
</title>
<meta http-equiv="Content-Type" content="text/html;charset=utf-8" />
  <meta name='ocr-system' content='tesseract 3.04.00' />
  <meta name='ocr-capabilities' content='ocr_page ocr_carea ocr_par ocr_line ocrx_word'/>
</head>
<body>
  <div class='ocr_page' id='page_1' title='image "./naturalhistory07plinuoft_0068.png"; bbox 0 0 1459 2288; ppageno 0'>
   <div class='ocr_carea' id='block_1_1' title="bbox 122 488 162 519">
    <p class='ocr_par' dir='ltr' id='par_1_1' title="bbox 122 488 162 519">
     <span class='ocr_line' id='line_1_1' title="bbox 122 488 162 519; baseline -0.05 0"><span class='ocrx_word' id='word_1_1' title='bbox 122 488 162 519; x_wconf 77' lang='lat'>62</span> 
     </span>
    </p>
   </div>
   <div class='ocr_carea' id='block_1_2' title="bbox 122 859 162 890">
    <p class='ocr_par' dir='ltr' id='par_1_2' title="bbox 122 859 162 890">
     <span class='ocr_line' id='line_1_2' title="bbox 122 859 162 890; baseline 0.025 -1"><span class='ocrx_word' id='word_1_2' title='bbox 122 859 162 890; x_wconf 87' lang='grc'>63</span> 
     </span>
    </p>
   </div>
   <div class='ocr_carea' id='block_1_3' title="bbox 391 114 1162 152">
    <p class='ocr_par' dir='ltr' id='par_1_3' title="bbox 391 114 1162 152">
     <span class='ocr_line' id='line_1_3' title="bbox 391 114 1162 152; baseline -0.001 0"><span class='ocrx_word' id='word_1_3' title='bbox 391 115 586 152; x_wconf 85' lang='lat' dir='ltr'>PLINY:</span> <span class='ocrx_word' id='word_1_4' title='bbox 632 115 893 152; x_wconf 87' lang='lat' dir='ltr'><strong>NATURAL</strong></span> <span class='ocrx_word' id='word_1_5' title='bbox 926 114 1162 151; x_wconf 88' lang='lat' dir='ltr'>HISTORY</span> 
     </span>
    </p>
   </div>
   <div class='ocr_carea' id='block_1_4' title="bbox 187 215 1366 1383">
    <p class='ocr_par' dir='ltr' id='par_1_4' title="bbox 187 215 1366 1383">
     <span class='ocr_line' id='line_1_4' title="bbox 187 215 1362 265; baseline -0.002 -12"><span class='ocrx_word' id='word_1_6' title='bbox 187 220 358 253; x_wconf 79' lang='lat' dir='ltr'><strong>maxime</strong></span> <span class='ocrx_word' id='word_1_7' title='bbox 396 229 499 265; x_wconf 89' lang='lat' dir='ltr'>quae</span> <span class='ocrx_word' id='word_1_8' title='bbox 536 215 658 265; x_wconf 89' lang='lat' dir='ltr'>frigus</span> <span class='ocrx_word' id='word_1_9' title='bbox 695 215 885 258; x_wconf 88' lang='lat' dir='ltr'>inferunt,</span> <span class='ocrx_word' id='word_1_10' title='bbox 921 218 1048 252; x_wconf 88' lang='lat' dir='ltr'>minor</span> <span class='ocrx_word' id='word_1_11' title='bbox 1084 216 1276 252; x_wconf 89' lang='lat' dir='ltr'>efficacior</span> <span class='ocrx_word' id='word_1_12' title='bbox 1312 215 1362 252; x_wconf 89' lang='lat' dir='ltr'>ad</span> 
     </span>
     <span class='ocr_line' id='line_1_5' title="bbox 187 268 1362 319; baseline -0.002 -13"><span class='ocrx_word' id='word_1_13' title='bbox 187 276 407 319; x_wconf 77' lang='lat' dir='ltr'><strong>serpentes,</strong></span> <span class='ocrx_word' id='word_1_14' title='bbox 428 270 579 305; x_wconf 79' lang='lat' dir='ltr'>bibitur</span> <span class='ocrx_word' id='word_1_15' title='bbox 599 271 758 304; x_wconf 89' lang='lat' dir='ltr'>seminis</span> <span class='ocrx_word' id='word_1_16' title='bbox 780 268 968 304; x_wconf 79' lang='lat' dir='ltr'>drachma</span> <span class='ocrx_word' id='word_1_17' title='bbox 989 271 1029 304; x_wconf 90' lang='lat' dir='ltr'>in</span> <span class='ocrx_word' id='word_1_18' title='bbox 1049 271 1139 305; x_wconf 73' lang='lat' dir='ltr'>vino</span> <span class='ocrx_word' id='word_1_19' title='bbox 1161 268 1222 304; x_wconf 91' lang='lat' dir='ltr'>vel</span> <span class='ocrx_word' id='word_1_20' title='bbox 1245 282 1362 318; x_wconf 89' lang='lat' dir='ltr'>posca</span> 
     </span>
     <span class='ocr_line' id='line_1_6' title="bbox 188 321 1364 359; baseline -0.001 0"><span class='ocrx_word' id='word_1_21' title='bbox 188 329 256 359; x_wconf 91' lang='lat' dir='ltr'>aut</span> <span class='ocrx_word' id='word_1_22' title='bbox 291 323 444 359; x_wconf 90' lang='lat' dir='ltr'>duabus</span> <span class='ocrx_word' id='word_1_23' title='bbox 479 322 661 358; x_wconf 81' lang='lat' dir='ltr'>foliorum</span> <span class='ocrx_word' id='word_1_24' title='bbox 696 325 1014 358; x_wconf 87' lang='lat' dir='ltr'>tenerrimorum.</span> <span class='ocrx_word' id='word_1_25' title='bbox 1070 328 1111 358; x_wconf 90' lang='lat' dir='ltr'>et</span> <span class='ocrx_word' id='word_1_26' title='bbox 1145 321 1364 358; x_wconf 88' lang='lat' dir='ltr'>inlinuntur</span> 
     </span>
     <span class='ocr_line' id='line_1_7' title="bbox 193 374 1363 425; baseline -0.001 -13"><span class='ocrx_word' id='word_1_27' title='bbox 193 382 359 425; x_wconf 87' lang='lat' dir='ltr'>utraque</span> <span class='ocrx_word' id='word_1_28' title='bbox 389 375 575 412; x_wconf 85' lang='lat' dir='ltr'>adversus</span> <span class='ocrx_word' id='word_1_29' title='bbox 605 388 839 411; x_wconf 88' lang='lat' dir='ltr'>araneorum</span> <span class='ocrx_word' id='word_1_30' title='bbox 868 387 1043 418; x_wconf 85' lang='lat' dir='ltr'>morsus;</span> <span class='ocrx_word' id='word_1_31' title='bbox 1071 374 1132 410; x_wconf 91' lang='lat' dir='ltr'>vel</span> <span class='ocrx_word' id='word_1_32' title='bbox 1162 377 1363 424; x_wconf 87' lang='lat' dir='ltr'>perunctis</span> 
     </span>
     <span class='ocr_line' id='line_1_8' title="bbox 187 427 1362 478; baseline -0.001 -13"><span class='ocrx_word' id='word_1_33' title='bbox 187 435 359 471; x_wconf 82' lang='lat' dir='ltr'>tantum,</span> <span class='ocrx_word' id='word_1_34' title='bbox 373 429 506 465; x_wconf 88' lang='lat' dir='ltr'>suffitu</span> <span class='ocrx_word' id='word_1_35' title='bbox 521 441 679 478; x_wconf 88' lang='lat' dir='ltr'>quoque</span> <span class='ocrx_word' id='word_1_36' title='bbox 695 434 764 464; x_wconf 88' lang='lat' dir='ltr'>aut</span> <span class='ocrx_word' id='word_1_37' title='bbox 778 428 981 464; x_wconf 85' lang='lat' dir='ltr'>substratu</span> <span class='ocrx_word' id='word_1_38' title='bbox 995 427 1139 477; x_wconf 84' lang='lat' dir='ltr'>fugant</span> <span class='ocrx_word' id='word_1_39' title='bbox 1151 433 1362 464; x_wconf 87' lang='lat' dir='ltr'>venenata.</span> 
     </span>
     <span class='ocr_line' id='line_1_9' title="bbox 191 481 1363 531; baseline -0.001 -13"><span class='ocrx_word' id='word_1_40' title='bbox 191 483 240 518; x_wconf 87' lang='lat' dir='ltr'>ad</span> <span class='ocrx_word' id='word_1_41' title='bbox 294 495 481 519; x_wconf 81' lang='lat' dir='ltr'>venerem</span> <span class='ocrx_word' id='word_1_42' title='bbox 535 485 708 531; x_wconf 87' lang='lat' dir='ltr'>impetus</span> <span class='ocrx_word' id='word_1_43' title='bbox 760 481 956 524; x_wconf 83' lang='lat' dir='ltr'><strong>inhibent,</strong></span> <span class='ocrx_word' id='word_1_44' title='bbox 1009 494 1137 530; x_wconf 91' lang='lat' dir='ltr'>eoque</span> <span class='ocrx_word' id='word_1_45' title='bbox 1188 484 1363 517; x_wconf 85' lang='lat' dir='ltr'>maxime</span> 
     </span>
     <span class='ocr_line' id='line_1_10' title="bbox 190 534 1363 585; baseline -0.001 -14"><span class='ocrx_word' id='word_1_46' title='bbox 190 535 409 585; x_wconf 74' lang='lat' dir='ltr'>phalangiis</span> <span class='ocrx_word' id='word_1_47' title='bbox 458 535 730 577; x_wconf 72' lang='lat' dir='ltr'>adversantur,</span> <span class='ocrx_word' id='word_1_48' title='bbox 772 548 940 584; x_wconf 86' lang='lat' dir='ltr'>quorum</span> <span class='ocrx_word' id='word_1_49' title='bbox 987 547 1139 570; x_wconf 87' lang='lat' dir='ltr'>morsus</span> <span class='ocrx_word' id='word_1_50' title='bbox 1186 534 1363 584; x_wconf 88' lang='lat' dir='ltr'>genitale</span> 
     </span>
     <span class='ocr_line' id='line_1_11' title="bbox 189 587 1364 638; baseline -0.001 -14"><span class='ocrx_word' id='word_1_51' title='bbox 189 591 350 625; x_wconf 85' lang='lat' dir='ltr'>excitat.</span> <span class='ocrx_word' id='word_1_52' title='bbox 405 591 545 638; x_wconf 86' lang='lat' dir='ltr'>capitis</span> <span class='ocrx_word' id='word_1_53' title='bbox 577 588 754 624; x_wconf 89' lang='lat' dir='ltr'>dolorem</span> <span class='ocrx_word' id='word_1_54' title='bbox 787 600 837 623; x_wconf 79' lang='lat' dir='ltr'>ex</span> <span class='ocrx_word' id='word_1_55' title='bbox 870 588 1067 624; x_wconf 82' lang='lat' dir='ltr'>ebrietate</span> <span class='ocrx_word' id='word_1_56' title='bbox 1100 587 1244 624; x_wconf 89' lang='lat' dir='ltr'>sedant</span> <span class='ocrx_word' id='word_1_57' title='bbox 1274 600 1364 623; x_wconf 90' lang='lat' dir='ltr'>cum</span> 
     </span>
     <span class='ocr_line' id='line_1_12' title="bbox 189 640 1364 690; baseline -0.002 -12"><span class='ocrx_word' id='word_1_58' title='bbox 189 655 347 678; x_wconf 86' lang='lat' dir='ltr'>rosaceo</span> <span class='ocrx_word' id='word_1_59' title='bbox 379 640 448 678; x_wconf 88' lang='lat' dir='ltr'>flos</span> <span class='ocrx_word' id='word_1_60' title='bbox 479 644 689 690; x_wconf 79' lang='lat' dir='ltr'>tenerique</span> <span class='ocrx_word' id='word_1_61' title='bbox 720 640 911 677; x_wconf 78' lang='lat' dir='ltr'>cauliculi.</span> <span class='ocrx_word' id='word_1_62' title='bbox 966 643 1125 677; x_wconf 89' lang='lat' dir='ltr'>seminis</span> <span class='ocrx_word' id='word_1_63' title='bbox 1155 640 1364 677; x_wconf 88' lang='lat' dir='ltr'>decoctum</span> 
     </span>
     <span class='ocr_line' id='line_1_13' title="bbox 188 693 1364 743; baseline -0.002 -12"><span class='ocrx_word' id='word_1_64' title='bbox 188 695 530 731; x_wconf 83' lang='lat' dir='ltr'>vehementiorem</span> <span class='ocrx_word' id='word_1_65' title='bbox 570 697 710 743; x_wconf 87' lang='lat' dir='ltr'>capitis</span> <span class='ocrx_word' id='word_1_66' title='bbox 749 694 926 730; x_wconf 88' lang='lat' dir='ltr'>dolorem</span> <span class='ocrx_word' id='word_1_67' title='bbox 965 693 1143 730; x_wconf 86' lang='lat' dir='ltr'>dissolvit</span> <span class='ocrx_word' id='word_1_68' title='bbox 1181 693 1283 737; x_wconf 85' lang='lat' dir='ltr'>fotu,</span> <span class='ocrx_word' id='word_1_69' title='bbox 1323 699 1364 729; x_wconf 87' lang='lat' dir='ltr'>et</span> 
     </span>
     <span class='ocr_line' id='line_1_14' title="bbox 189 746 1363 797; baseline 0 -14"><span class='ocrx_word' id='word_1_70' title='bbox 189 748 343 784; x_wconf 78' lang='lat' dir='ltr'>vulvam</span> <span class='ocrx_word' id='word_1_71' title='bbox 365 751 487 784; x_wconf 84' lang='lat' dir='ltr'>etiam</span> <span class='ocrx_word' id='word_1_72' title='bbox 506 748 640 784; x_wconf 85' lang='lat' dir='ltr'>suffitu</span> <span class='ocrx_word' id='word_1_73' title='bbox 659 747 721 783; x_wconf 76' lang='lat' dir='ltr'>vel</span> <span class='ocrx_word' id='word_1_74' title='bbox 741 747 925 796; x_wconf 84' lang='lat' dir='ltr'>adpositu</span> <span class='ocrx_word' id='word_1_75' title='bbox 945 752 1104 797; x_wconf 88' lang='lat' dir='ltr'>purgat,</span> <span class='ocrx_word' id='word_1_76' title='bbox 1125 746 1255 783; x_wconf 88' lang='lat' dir='ltr'>alvum</span> <span class='ocrx_word' id='word_1_77' title='bbox 1275 760 1363 783; x_wconf 85' lang='lat' dir='ltr'>cum</span> 
     </span>
     <span class='ocr_line' id='line_1_15' title="bbox 188 799 1365 850; baseline -0.001 -13"><span class='ocrx_word' id='word_1_78' title='bbox 188 801 319 850; x_wconf 90' lang='lat' dir='ltr'>puleio</span> <span class='ocrx_word' id='word_1_79' title='bbox 349 807 390 837; x_wconf 89' lang='lat' dir='ltr'>et</span> <span class='ocrx_word' id='word_1_80' title='bbox 418 800 537 837; x_wconf 89' lang='lat' dir='ltr'>melle</span> <span class='ocrx_word' id='word_1_81' title='bbox 570 806 723 850; x_wconf 81' lang='lat' dir='ltr'>potum.</span> <span class='ocrx_word' id='word_1_82' title='bbox 778 803 948 836; x_wconf 79' lang='lat' dir='ltr'>vomicas</span> <span class='ocrx_word' id='word_1_83' title='bbox 980 806 1021 836; x_wconf 92' lang='lat' dir='ltr'>et</span> <span class='ocrx_word' id='word_1_84' title='bbox 1054 813 1177 849; x_wconf 87' lang='lat' dir='ltr'>panos</span> <span class='ocrx_word' id='word_1_85' title='bbox 1210 799 1365 836; x_wconf 89' lang='lat' dir='ltr'>difficile</span> 
     </span>
     <span class='ocr_line' id='line_1_16' title="bbox 191 853 1365 903; baseline -0.001 -13"><span class='ocrx_word' id='word_1_86' title='bbox 191 860 484 903; x_wconf 85' lang='lat' dir='ltr'>concoquentes</span> <span class='ocrx_word' id='word_1_87' title='bbox 497 853 510 876; x_wconf 77' lang='lat'>1</span> <span class='ocrx_word' id='word_1_88' title='bbox 527 867 617 890; x_wconf 89' lang='lat' dir='ltr'>cum</span> <span class='ocrx_word' id='word_1_89' title='bbox 630 853 755 889; x_wconf 84' lang='lat' dir='ltr'>farina</span> <span class='ocrx_word' id='word_1_90' title='bbox 767 853 989 890; x_wconf 86' lang='lat' dir='ltr'>hordeacea</span> <span class='ocrx_word' id='word_1_91' title='bbox 1000 853 1139 889; x_wconf 89' lang='lat' dir='ltr'>mollit.</span> <span class='ocrx_word' id='word_1_92' title='bbox 1193 853 1365 889; x_wconf 87' lang='lat' dir='ltr'>lichenas</span> 
     </span>
     <span class='ocr_line' id='line_1_17' title="bbox 190 906 1365 957; baseline -0.001 -14"><span class='ocrx_word' id='word_1_93' title='bbox 190 914 230 943; x_wconf 91' lang='lat' dir='ltr'>et</span> <span class='ocrx_word' id='word_1_94' title='bbox 247 908 460 957; x_wconf 76' lang='lat' dir='ltr'>lentigines</span> <span class='ocrx_word' id='word_1_95' title='bbox 476 920 566 943; x_wconf 91' lang='lat' dir='ltr'>cum</span> <span class='ocrx_word' id='word_1_96' title='bbox 584 906 813 956; x_wconf 81' lang='lat' dir='ltr'>aphronitro</span> <span class='ocrx_word' id='word_1_97' title='bbox 831 912 872 943; x_wconf 87' lang='lat' dir='ltr'>et</span> <span class='ocrx_word' id='word_1_98' title='bbox 893 912 1007 943; x_wconf 88' lang='lat' dir='ltr'>aceto</span> <span class='ocrx_word' id='word_1_99' title='bbox 1024 919 1161 942; x_wconf 88' lang='lat' dir='ltr'>semen</span> <span class='ocrx_word' id='word_1_100' title='bbox 1178 912 1306 949; x_wconf 85' lang='lat' dir='ltr'>sanat,</span> <span class='ocrx_word' id='word_1_101' title='bbox 1324 912 1365 942; x_wconf 91' lang='lat' dir='ltr'>et</span> 
     </span>
     <span class='ocr_line' id='line_1_18' title="bbox 189 959 1365 1009; baseline -0.001 -13"><span class='ocrx_word' id='word_1_102' title='bbox 189 963 264 997; x_wconf 84' lang='lat' dir='ltr'>oris</span> <span class='ocrx_word' id='word_1_103' title='bbox 295 960 425 997; x_wconf 87' lang='lat' dir='ltr'>ulcera</span> <span class='ocrx_word' id='word_1_104' title='bbox 445 966 487 996; x_wconf 89' lang='lat' dir='ltr'>et</span> <span class='ocrx_word' id='word_1_105' title='bbox 508 963 762 1009; x_wconf 86' lang='lat' dir='ltr'>eruptionum</span> <span class='ocrx_word' id='word_1_106' title='bbox 778 960 792 982; x_wconf 85' lang='lat'>2</span> <span class='ocrx_word' id='word_1_107' title='bbox 812 973 901 996; x_wconf 90' lang='lat' dir='ltr'>cum</span> <span class='ocrx_word' id='word_1_108' title='bbox 931 959 1063 1003; x_wconf 88' lang='lat' dir='ltr'>melle,</span> <span class='ocrx_word' id='word_1_109' title='bbox 1082 962 1248 996; x_wconf 88' lang='lat' dir='ltr'>testium</span> <span class='ocrx_word' id='word_1_110' title='bbox 1276 973 1365 995; x_wconf 87' lang='lat' dir='ltr'>cum</span> 
     </span>
     <span class='ocr_line' id='line_1_19' title="bbox 188 1012 1365 1063; baseline -0.001 -13"><span class='ocrx_word' id='word_1_111' title='bbox 188 1015 334 1063; x_wconf 72' lang='lat' dir='ltr'>butyro</span> <span class='ocrx_word' id='word_1_112' title='bbox 370 1019 412 1050; x_wconf 89' lang='lat' dir='ltr'>et</span> <span class='ocrx_word' id='word_1_113' title='bbox 445 1012 545 1050; x_wconf 84' lang='lat' dir='ltr'>foliis</span> <span class='ocrx_word' id='word_1_114' title='bbox 580 1016 734 1056; x_wconf 78' lang='lat' dir='ltr'>vitium,</span> <span class='ocrx_word' id='word_1_115' title='bbox 769 1013 964 1062; x_wconf 85' lang='lat' dir='ltr'>rhagadas</span> <span class='ocrx_word' id='word_1_116' title='bbox 999 1013 1102 1049; x_wconf 85' lang='lat' dir='ltr'>sedis</span> <span class='ocrx_word' id='word_1_117' title='bbox 1137 1026 1227 1049; x_wconf 89' lang='lat' dir='ltr'>cum</span> <span class='ocrx_word' id='word_1_118' title='bbox 1262 1026 1365 1062; x_wconf 88' lang='lat' dir='ltr'>aqua</span> 
     </span>
     <span class='ocr_line' id='line_1_20' title="bbox 188 1065 1366 1109; baseline -0.001 -6"><span class='ocrx_word' id='word_1_119' title='bbox 188 1067 345 1109; x_wconf 73' lang='lat' dir='ltr'>illitum,</span> <span class='ocrx_word' id='word_1_120' title='bbox 374 1066 542 1103; x_wconf 83' lang='lat' dir='ltr'>luxata³</span> <span class='ocrx_word' id='word_1_121' title='bbox 570 1080 660 1103; x_wconf 90' lang='lat' dir='ltr'>cum</span> <span class='ocrx_word' id='word_1_122' title='bbox 692 1066 773 1102; x_wconf 88' lang='lat' dir='ltr'>sale</span> <span class='ocrx_word' id='word_1_123' title='bbox 805 1072 847 1102; x_wconf 89' lang='lat' dir='ltr'>et</span> <span class='ocrx_word' id='word_1_124' title='bbox 876 1069 980 1102; x_wconf 90' lang='lat' dir='ltr'>nitro</span> <span class='ocrx_word' id='word_1_125' title='bbox 1016 1072 1058 1102; x_wconf 92' lang='lat' dir='ltr'>et</span> <span class='ocrx_word' id='word_1_126' title='bbox 1093 1078 1194 1102; x_wconf 89' lang='lat' dir='ltr'>cera.</span> <span class='ocrx_word' id='word_1_127' title='bbox 1249 1065 1366 1102; x_wconf 74' lang='lat' dir='ltr'>cum4</span> 
     </span>
     <span class='ocr_line' id='line_1_21' title="bbox 189 1119 1364 1169; baseline -0.001 -13"><span class='ocrx_word' id='word_1_128' title='bbox 189 1123 339 1156; x_wconf 89' lang='lat' dir='ltr'>semine</span> <span class='ocrx_word' id='word_1_129' title='bbox 361 1126 402 1157; x_wconf 88' lang='lat' dir='ltr'>et</span> <span class='ocrx_word' id='word_1_130' title='bbox 423 1119 560 1156; x_wconf 89' lang='lat' dir='ltr'>folium</span> <span class='ocrx_word' id='word_1_131' title='bbox 577 1120 592 1142; x_wconf 84' lang='lat'>5</span> <span class='ocrx_word' id='word_1_132' title='bbox 609 1119 770 1156; x_wconf 83' lang='lat' dir='ltr'>additur</span> <span class='ocrx_word' id='word_1_133' title='bbox 796 1122 836 1155; x_wconf 92' lang='lat' dir='ltr'>in</span> <span class='ocrx_word' id='word_1_134' title='bbox 856 1119 1100 1169; x_wconf 84' lang='lat' dir='ltr'>malagmata</span> <span class='ocrx_word' id='word_1_135' title='bbox 1115 1119 1130 1142; x_wconf 77' lang='lat'><strong>⁶</strong></span> <span class='ocrx_word' id='word_1_136' title='bbox 1160 1148 1364 1156; x_wconf 91' lang='grc'><strong>......</strong></span> 
     </span>
     <span class='ocr_line' id='line_1_22' title="bbox 190 1172 1366 1223; baseline -0.002 -13"><span class='ocrx_word' id='word_1_137' title='bbox 190 1187 399 1210; x_wconf 82' lang='lat' dir='ltr'>nervorum</span> <span class='ocrx_word' id='word_1_138' title='bbox 437 1179 479 1209; x_wconf 91' lang='lat' dir='ltr'>et</span> <span class='ocrx_word' id='word_1_139' title='bbox 515 1173 724 1223; x_wconf 86' lang='lat' dir='ltr'>podagras.</span> <span class='ocrx_word' id='word_1_140' title='bbox 779 1186 915 1209; x_wconf 89' lang='lat' dir='ltr'>semen</span> <span class='ocrx_word' id='word_1_141' title='bbox 953 1172 1167 1209; x_wconf 85' lang='lat' dir='ltr'>instillatur</span> <span class='ocrx_word' id='word_1_142' title='bbox 1202 1175 1242 1208; x_wconf 93' lang='lat' dir='ltr'>in</span> <span class='ocrx_word' id='word_1_143' title='bbox 1279 1172 1366 1209; x_wconf 89' lang='lat' dir='ltr'>oleo</span> 
     </span>
     <span class='ocr_line' id='line_1_23' title="bbox 189 1225 1365 1275; baseline -0.002 -12"><span class='ocrx_word' id='word_1_144' title='bbox 189 1227 398 1263; x_wconf 89' lang='lat' dir='ltr'>decoctum</span> <span class='ocrx_word' id='word_1_145' title='bbox 433 1229 552 1275; x_wconf 86' lang='lat' dir='ltr'>capiti</span> <span class='ocrx_word' id='word_1_146' title='bbox 588 1229 627 1262; x_wconf 93' lang='lat' dir='ltr'>in</span> <span class='ocrx_word' id='word_1_147' title='bbox 662 1225 858 1275; x_wconf 82' lang='lat' dir='ltr'>lethargia</span> <span class='ocrx_word' id='word_1_148' title='bbox 893 1232 935 1262; x_wconf 90' lang='lat' dir='ltr'>et</span> <span class='ocrx_word' id='word_1_149' title='bbox 965 1225 1161 1275; x_wconf 86' lang='lat' dir='ltr'>phrenesi.</span> <span class='ocrx_word' id='word_1_150' title='bbox 1216 1228 1365 1275; x_wconf 86' lang='lat' dir='ltr'>virgam</span> 
     </span>
     <span class='ocr_line' id='line_1_24' title="bbox 190 1279 1365 1329; baseline -0.001 -13"><span class='ocrx_word' id='word_1_151' title='bbox 190 1283 255 1329; x_wconf 91' lang='lat' dir='ltr'>qui</span> <span class='ocrx_word' id='word_1_152' title='bbox 283 1283 323 1316; x_wconf 93' lang='lat' dir='ltr'>in</span> <span class='ocrx_word' id='word_1_153' title='bbox 349 1293 469 1316; x_wconf 89' lang='lat' dir='ltr'>manu</span> <span class='ocrx_word' id='word_1_154' title='bbox 495 1279 672 1316; x_wconf 90' lang='lat' dir='ltr'>habeant</span> <span class='ocrx_word' id='word_1_155' title='bbox 699 1285 769 1316; x_wconf 89' lang='lat' dir='ltr'>aut</span> <span class='ocrx_word' id='word_1_156' title='bbox 794 1282 835 1315; x_wconf 92' lang='lat' dir='ltr'>in</span> <span class='ocrx_word' id='word_1_157' title='bbox 861 1282 992 1316; x_wconf 90' lang='lat' dir='ltr'>cinctu</span> <span class='ocrx_word' id='word_1_158' title='bbox 1019 1285 1220 1329; x_wconf 87' lang='lat' dir='ltr'>negantur</span> <span class='ocrx_word' id='word_1_159' title='bbox 1245 1281 1365 1315; x_wconf 84' lang='lat' dir='ltr'>inter-</span> 
     </span>
     <span class='ocr_line' id='line_1_25' title="bbox 189 1335 556 1383; baseline 0 -14"><span class='ocrx_word' id='word_1_160' title='bbox 189 1336 376 1383; x_wconf 83' lang='lat' dir='ltr'>triginem</span> <span class='ocrx_word' id='word_1_161' title='bbox 397 1335 556 1369; x_wconf 87' lang='lat' dir='ltr'>sentire.</span> 
     </span>
    </p>
   </div>
   <div class='ocr_carea' id='block_1_5' title="bbox 199 1417 1367 1800">
    <p class='ocr_par' dir='ltr' id='par_1_5' title="bbox 199 1417 1362 1500">
     <span class='ocr_line' id='line_1_26' title="bbox 241 1417 1362 1458; baseline -0.001 -10"><span class='ocrx_word' id='word_1_162' title='bbox 241 1419 250 1436; x_wconf 87' lang='lat'><strong>¹</strong></span> <span class='ocrx_word' id='word_1_163' title='bbox 275 1422 524 1458; x_wconf 82' lang='lat' dir='ltr'>conooquentes</span> <span class='ocrx_word' id='word_1_164' title='bbox 559 1422 687 1457; x_wconf 73' lang='lat' dir='ltr'>excepto</span> <span class='ocrx_word' id='word_1_165' title='bbox 723 1418 755 1449; x_wconf 89' lang='lat' dir='ltr'>X</span> <span class='ocrx_word' id='word_1_166' title='bbox 791 1418 880 1448; x_wconf 83' lang='lat' dir='ltr'>codd.</span> <span class='ocrx_word' id='word_1_167' title='bbox 896 1430 902 1448; x_wconf 70' lang='grc' dir='ltr'><strong><em>ς</em></strong></span> <span class='ocrx_word' id='word_1_168' title='bbox 953 1421 1167 1458; x_wconf 83' lang='lat' dir='ltr'>coneoquent</span> <span class='ocrx_word' id='word_1_169' title='bbox 1202 1418 1270 1448; x_wconf 80' lang='lat' dir='ltr'>tusi</span> <span class='ocrx_word' id='word_1_170' title='bbox 1308 1417 1341 1448; x_wconf 84' lang='lat' dir='ltr'>X</span> <span class='ocrx_word' id='word_1_171' title='bbox 1355 1429 1362 1447; x_wconf 69' lang='grc' dir='ltr'><em>ε</em></span> 
     </span>
     <span class='ocr_line' id='line_1_27' title="bbox 199 1460 592 1500; baseline 0 -9"><span class='ocrx_word' id='word_1_172' title='bbox 199 1471 411 1500; x_wconf 81' lang='lat' dir='ltr'>concoquens</span> <span class='ocrx_word' id='word_1_173' title='bbox 429 1460 592 1500; x_wconf 76' lang='lat' dir='ltr'>Mayhoff.</span> 
     </span>
    </p>

    <p class='ocr_par' dir='ltr' id='par_1_6' title="bbox 239 1502 1365 1544">
     <span class='ocr_line' id='line_1_28' title="bbox 239 1502 1365 1544; baseline -0.001 -10"><span class='ocrx_word' id='word_1_174' title='bbox 239 1504 251 1522; x_wconf 81' lang='lat'><strong>²</strong></span> <span class='ocrx_word' id='word_1_175' title='bbox 274 1505 507 1544; x_wconf 80' lang='lat' dir='ltr'>eruptionum]</span> <span class='ocrx_word' id='word_1_176' title='bbox 521 1504 717 1543; x_wconf 84' lang='lat' dir='ltr'>eruptiones</span> <span class='ocrx_word' id='word_1_177' title='bbox 735 1502 885 1533; x_wconf 88' lang='lat' dir='ltr'>ulcerum</span> <span class='ocrx_word' id='word_1_178' title='bbox 904 1502 952 1533; x_wconf 78' lang='lat' dir='ltr'>vel</span> <span class='ocrx_word' id='word_1_179' title='bbox 969 1513 1086 1533; x_wconf 86' lang='lat' dir='ltr'>eorum</span> <span class='ocrx_word' id='word_1_180' title='bbox 1100 1502 1184 1533; x_wconf 84' lang='lat' dir='ltr'>coni.</span> <span class='ocrx_word' id='word_1_181' title='bbox 1202 1502 1365 1542; x_wconf 64' lang='lat' dir='ltr'>sslayhoff.</span> 
     </span>
    </p>

    <p class='ocr_par' dir='ltr' id='par_1_7' title="bbox 199 1545 1367 1671">
     <span class='ocr_line' id='line_1_29' title="bbox 241 1545 1367 1587; baseline -0.001 -11"><span class='ocrx_word' id='word_1_182' title='bbox 241 1546 252 1564; x_wconf 77' lang='lat'><em>³</em></span> <span class='ocrx_word' id='word_1_183' title='bbox 277 1546 395 1577; x_wconf 77' lang='lat' dir='ltr'>luxata</span> <span class='ocrx_word' id='word_1_184' title='bbox 412 1548 451 1583; x_wconf 89' lang='lat' dir='ltr'>E,</span> <span class='ocrx_word' id='word_1_185' title='bbox 467 1547 628 1587; x_wconf 73' lang='lat' dir='ltr'>Detlessen</span> <span class='ocrx_word' id='word_1_186' title='bbox 642 1558 648 1576; x_wconf 90' lang='lat'><strong>:</strong></span> <span class='ocrx_word' id='word_1_187' title='bbox 673 1545 800 1576; x_wconf 80' lang='lat' dir='ltr'>luxatis</span> <span class='ocrx_word' id='word_1_188' title='bbox 816 1556 888 1576; x_wconf 78' lang='lat' dir='ltr'>cum</span> <span class='ocrx_word' id='word_1_189' title='bbox 903 1545 1015 1576; x_wconf 75' lang='lat' dir='ltr'>multis</span> <span class='ocrx_word' id='word_1_190' title='bbox 1033 1545 1121 1576; x_wconf 81' lang='lat' dir='ltr'>codd.</span> <span class='ocrx_word' id='word_1_191' title='bbox 1136 1545 1297 1584; x_wconf 65' lang='lat' dir='ltr'>sslayhoff,</span> <span class='ocrx_word' id='word_1_192' title='bbox 1311 1545 1367 1585; x_wconf 76' lang='lat' dir='ltr'>qui</span> 
     </span>
     <span class='ocr_line' id='line_1_30' title="bbox 200 1588 1366 1627; baseline -0.001 -8"><span class='ocrx_word' id='word_1_193' title='bbox 200 1590 241 1620; x_wconf 79' lang='lat' dir='ltr'>ila</span> <span class='ocrx_word' id='word_1_194' title='bbox 259 1590 423 1620; x_wconf 75' lang='lat' dir='ltr'>emendat:</span> <span class='ocrx_word' id='word_1_195' title='bbox 450 1599 526 1620; x_wconf 88' lang='lat' dir='ltr'>cum</span> <span class='ocrx_word' id='word_1_196' title='bbox 542 1589 612 1619; x_wconf 86' lang='lat' dir='ltr'>sale</span> <span class='ocrx_word' id='word_1_197' title='bbox 628 1592 663 1619; x_wconf 80' lang='lat' dir='ltr'>et</span> <span class='ocrx_word' id='word_1_198' title='bbox 679 1589 768 1618; x_wconf 87' lang='lat' dir='ltr'>nitro</span> <span class='ocrx_word' id='word_1_199' title='bbox 784 1592 819 1619; x_wconf 77' lang='lat' dir='ltr'>et</span> <span class='ocrx_word' id='word_1_200' title='bbox 835 1599 911 1619; x_wconf 83' lang='lat' dir='ltr'>cera</span> <span class='ocrx_word' id='word_1_201' title='bbox 927 1592 962 1619; x_wconf 77' lang='lat' dir='ltr'>et</span> <span class='ocrx_word' id='word_1_202' title='bbox 977 1589 1104 1619; x_wconf 82' lang='lat' dir='ltr'>semine</span> <span class='ocrx_word' id='word_1_203' title='bbox 1120 1588 1366 1627; x_wconf 78' lang='lat' dir='ltr'>&lt;utilissimae&gt;</span> 
     </span>
     <span class='ocr_line' id='line_1_31' title="bbox 199 1631 1294 1671; baseline -0.002 -8"><span class='ocrx_word' id='word_1_204' title='bbox 199 1636 233 1663; x_wconf 84' lang='lat' dir='ltr'>et</span> <span class='ocrx_word' id='word_1_205' title='bbox 248 1632 340 1662; x_wconf 89' lang='lat' dir='ltr'>folio.</span> <span class='ocrx_word' id='word_1_206' title='bbox 394 1631 533 1662; x_wconf 87' lang='lat' dir='ltr'>additur</span> <span class='ocrx_word' id='word_1_207' title='bbox 548 1633 583 1662; x_wconf 89' lang='lat' dir='ltr'>in</span> <span class='ocrx_word' id='word_1_208' title='bbox 599 1631 808 1671; x_wconf 75' lang='lat' dir='ltr'>malagmata</span> <span class='ocrx_word' id='word_1_209' title='bbox 825 1632 890 1670; x_wconf 85' lang='lat' dir='ltr'>&lt;ad</span> <span class='ocrx_word' id='word_1_210' title='bbox 908 1633 1016 1671; x_wconf 78' lang='lat' dir='ltr'>vitia&gt;</span> <span class='ocrx_word' id='word_1_211' title='bbox 1033 1641 1214 1662; x_wconf 82' lang='lat' dir='ltr'>nervorum</span> <span class='ocrx_word' id='word_1_212' title='bbox 1231 1635 1294 1662; x_wconf 82' lang='lat' dir='ltr'>etc.</span> 
     </span>
    </p>

    <p class='ocr_par' dir='ltr' id='par_1_8' title="bbox 241 1674 738 1714">
     <span class='ocr_line' id='line_1_32' title="bbox 241 1674 738 1714; baseline -0.002 -9"><span class='ocrx_word' id='word_1_213' title='bbox 241 1676 255 1694; x_wconf 76' lang='lat'>⁴¹</span> <span class='ocrx_word' id='word_1_214' title='bbox 279 1685 355 1705; x_wconf 87' lang='lat' dir='ltr'>cum</span> <span class='ocrx_word' id='word_1_215' title='bbox 370 1685 424 1714; x_wconf 75' lang='lat' dir='ltr'>eqo</span> <span class='ocrx_word' id='word_1_216' title='bbox 439 1688 446 1711; x_wconf 85' lang='lat'>;</span> <span class='ocrx_word' id='word_1_217' title='bbox 475 1678 509 1705; x_wconf 82' lang='lat' dir='ltr'>et</span> <span class='ocrx_word' id='word_1_218' title='bbox 524 1674 612 1705; x_wconf 75' lang='lat' dir='ltr'>codd.</span> <span class='ocrx_word' id='word_1_219' title='bbox 628 1679 657 1705; x_wconf 82' lang='lat' dir='ltr'>et</span> <span class='ocrx_word' id='word_1_220' title='bbox 670 1674 738 1705; x_wconf 77' lang='lat' dir='ltr'>edd.</span> 
     </span>
    </p>

    <p class='ocr_par' dir='ltr' id='par_1_9' title="bbox 243 1716 793 1749">
     <span class='ocr_line' id='line_1_33' title="bbox 243 1716 793 1749; baseline -0.004 0"><span class='ocrx_word' id='word_1_221' title='bbox 243 1717 255 1735; x_wconf 82' lang='lat'>⁵</span> <span class='ocrx_word' id='word_1_222' title='bbox 277 1718 397 1749; x_wconf 86' lang='lat' dir='ltr'>folium</span> <span class='ocrx_word' id='word_1_223' title='bbox 414 1719 442 1749; x_wconf 89' lang='lat' dir='ltr'><strong>E</strong></span> <span class='ocrx_word' id='word_1_224' title='bbox 459 1729 465 1747; x_wconf 85' lang='lat' dir='ltr'>z</span> <span class='ocrx_word' id='word_1_225' title='bbox 496 1717 580 1748; x_wconf 88' lang='lat' dir='ltr'>folio</span> <span class='ocrx_word' id='word_1_226' title='bbox 596 1717 689 1748; x_wconf 76' lang='lat' dir='ltr'>ceteri</span> <span class='ocrx_word' id='word_1_227' title='bbox 705 1716 793 1747; x_wconf 78' lang='lat' dir='ltr'>codd.</span> 
     </span>
    </p>

    <p class='ocr_par' dir='ltr' id='par_1_10' title="bbox 245 1758 1141 1800">
     <span class='ocr_line' id='line_1_34' title="bbox 245 1758 1141 1800; baseline -0.003 -8"><span class='ocrx_word' id='word_1_228' title='bbox 245 1762 256 1778; x_wconf 79' lang='lat'><strong>⁶</strong></span> <span class='ocrx_word' id='word_1_229' title='bbox 279 1760 408 1792; x_wconf 73' lang='lat' dir='ltr'>Excidit</span> <span class='ocrx_word' id='word_1_230' title='bbox 426 1760 476 1791; x_wconf 81' lang='lat' dir='ltr'>hic</span> <span class='ocrx_word' id='word_1_231' title='bbox 493 1759 631 1800; x_wconf 71' lang='lat' dir='ltr'>aliquid,</span> <span class='ocrx_word' id='word_1_232' title='bbox 649 1759 694 1790; x_wconf 85' lang='lat' dir='ltr'>ad</span> <span class='ocrx_word' id='word_1_233' title='bbox 711 1759 863 1790; x_wconf 85' lang='lat' dir='ltr'>dolorem</span> <span class='ocrx_word' id='word_1_234' title='bbox 880 1758 929 1790; x_wconf 83' lang='lat' dir='ltr'>vel</span> <span class='ocrx_word' id='word_1_235' title='bbox 944 1759 989 1790; x_wconf 88' lang='lat' dir='ltr'>ad</span> <span class='ocrx_word' id='word_1_236' title='bbox 1006 1759 1141 1790; x_wconf 79' lang='lat' dir='ltr'>vitium.</span> 
     </span>
    </p>
   </div>
   <div class='ocr_carea' id='block_1_6' title="bbox 189 1890 1368 2017">
    <p class='ocr_par' dir='ltr' id='par_1_11' title="bbox 189 1890 1368 2017">
     <span class='ocr_line' id='line_1_35' title="bbox 236 1890 1368 1931; baseline -0.001 -9"><span class='ocrx_word' id='word_1_237' title='bbox 236 1896 250 1910; x_wconf 79' lang='lat'>‘¹</span> <span class='ocrx_word' id='word_1_238' title='bbox 272 1892 452 1922; x_wconf 86' lang='lat' dir='ltr'>Forcellini</span> <span class='ocrx_word' id='word_1_239' title='bbox 481 1903 539 1923; x_wconf 54' lang='lat' dir='ltr'>sav.</span> <span class='ocrx_word' id='word_1_240' title='bbox 570 1901 727 1931; x_wconf 78' lang='lat' dir='ltr'>concoquo</span> <span class='ocrx_word' id='word_1_241' title='bbox 757 1890 907 1931; x_wconf 84' lang='lat' dir='ltr'>supplies</span> <span class='ocrx_word' id='word_1_242' title='bbox 936 1890 1099 1921; x_wconf 78' lang='lat' dir='ltr'>collectum</span> <span class='ocrx_word' id='word_1_243' title='bbox 1128 1901 1201 1931; x_wconf 77' lang='lat' dir='ltr'>pus.</span> <span class='ocrx_word' id='word_1_244' title='bbox 1249 1890 1286 1921; x_wconf 87' lang='lat' dir='ltr'>If</span> <span class='ocrx_word' id='word_1_245' title='bbox 1309 1890 1368 1921; x_wconf 81' lang='lat' dir='ltr'>the</span> 
     </span>
     <span class='ocr_line' id='line_1_36' title="bbox 189 1933 1368 1976; baseline -0.003 -10"><span class='ocrx_word' id='word_1_246' title='bbox 189 1935 328 1976; x_wconf 75' lang='lat' dir='ltr'>reading</span> <span class='ocrx_word' id='word_1_247' title='bbox 340 1934 381 1965; x_wconf 90' lang='lat' dir='ltr'>be</span> <span class='ocrx_word' id='word_1_248' title='bbox 391 1938 519 1965; x_wconf 79' lang='lat' dir='ltr'>correct</span> <span class='ocrx_word' id='word_1_249' title='bbox 531 1934 600 1965; x_wconf 85' lang='lat' dir='ltr'>this</span> <span class='ocrx_word' id='word_1_250' title='bbox 613 1934 681 1964; x_wconf 86' lang='lat' dir='ltr'>will</span> <span class='ocrx_word' id='word_1_251' title='bbox 694 1934 734 1964; x_wconf 87' lang='lat' dir='ltr'>be</span> <span class='ocrx_word' id='word_1_252' title='bbox 745 1934 804 1965; x_wconf 82' lang='lat' dir='ltr'>the</span> <span class='ocrx_word' id='word_1_253' title='bbox 816 1933 906 1974; x_wconf 82' lang='lat' dir='ltr'>right</span> <span class='ocrx_word' id='word_1_254' title='bbox 917 1933 1150 1974; x_wconf 79' lang='lat' dir='ltr'>explanation.</span> <span class='ocrx_word' id='word_1_255' title='bbox 1162 1944 1200 1964; x_wconf 85' lang='lat' dir='ltr'>as</span> <span class='ocrx_word' id='word_1_256' title='bbox 1211 1943 1368 1973; x_wconf 78' lang='lat' dir='ltr'>concoquo</span> 
     </span>
     <span class='ocr_line' id='line_1_37' title="bbox 191 1975 1367 2017; baseline -0.002 -8"><span class='ocrx_word' id='word_1_257' title='bbox 191 1988 298 2009; x_wconf 78' lang='lat' dir='ltr'>seems</span> <span class='ocrx_word' id='word_1_258' title='bbox 322 1988 423 2008; x_wconf 85' lang='lat' dir='ltr'>never</span> <span class='ocrx_word' id='word_1_259' title='bbox 445 1982 482 2009; x_wconf 86' lang='lat' dir='ltr'>to</span> <span class='ocrx_word' id='word_1_260' title='bbox 507 1977 547 2008; x_wconf 85' lang='lat' dir='ltr'>be</span> <span class='ocrx_word' id='word_1_261' title='bbox 564 1977 645 2008; x_wconf 83' lang='lat' dir='ltr'>used</span> <span class='ocrx_word' id='word_1_262' title='bbox 661 1976 926 2017; x_wconf 82' lang='lat' dir='ltr'>intransitively.</span> <span class='ocrx_word' id='word_1_263' title='bbox 974 1976 1044 2007; x_wconf 85' lang='lat' dir='ltr'>The</span> <span class='ocrx_word' id='word_1_264' title='bbox 1060 1977 1129 2008; x_wconf 82' lang='lat' dir='ltr'>MS.</span> <span class='ocrx_word' id='word_1_265' title='bbox 1148 1977 1180 2008; x_wconf 93' lang='lat' dir='ltr'>X</span> <span class='ocrx_word' id='word_1_266' title='bbox 1197 1976 1258 2007; x_wconf 84' lang='lat' dir='ltr'>has</span> <span class='ocrx_word' id='word_1_267' title='bbox 1268 1975 1367 2016; x_wconf 82' lang='lat' dir='ltr'>facile</span> 
     </span>
    </p>
   </div>
   <div class='ocr_carea' id='block_1_7' title="bbox 193 2040 239 2082">
    <p class='ocr_par' dir='ltr' id='par_1_12' title="bbox 193 2040 239 2082">
     <span class='ocr_line' id='line_1_38' title="bbox 193 2040 239 2082; baseline 0 -9"><span class='ocrx_word' id='word_1_268' title='bbox 193 2040 239 2082; x_wconf 87' lang='lat'>48</span> 
     </span>
    </p>
   </div>
  </div>
 </body>
</html>
