1459 2288
126 622 185 652 148

126 857 185 887 149

126 1327 186 1359 150

412 161 607 198 PLINY:
653 161 916 199 NATURAL
949 160 1185 198 HISTORY

211 264 338 308 inlita,
360 265 674 314 quibuscumque
695 278 788 301 vero
810 263 1047 313 apollinaris,
1069 264 1256 314 astragali
1275 264 1387 301 radix

212 326 252 360 in
285 323 489 373 pulverem
527 326 623 360 trita
660 323 802 360 umidis
840 323 1036 359 ulceribus
1074 322 1250 372 prodest,
1287 326 1385 360 item

213 382 408 419 callithrix
440 382 606 418 decocta
635 385 674 418 in
708 395 824 431 aqua,
855 384 1040 430 privatim
1070 395 1163 418 vero
1193 381 1252 418 his
1284 395 1387 431 quae

213 441 472 477 calciamento
503 440 609 477 facta
639 443 718 477 sint
748 441 982 483 verbenaca,
1013 453 1086 477 nec
1115 454 1195 476 non
1226 446 1268 477 et
1296 440 1387 491 lysi-

212 499 367 536 machia
393 502 564 536 contrita
590 513 635 536 ac
662 499 889 549 nymphaea
916 499 1025 535 arida
1050 497 1222 535 infriata.
1277 499 1387 550 poly-

212 558 318 595 thrix
337 561 569 595 inveteratis
588 558 715 595 isdem
734 558 866 594 utilior
886 563 958 594 est.

264 618 528 654 LXXXVIII.
559 617 826 668 Polycnemon
859 617 1013 654 cunilae
1045 617 1219 654 bubulae
1252 617 1387 654 similis

214 683 288 720 est,
304 679 453 713 semine
468 677 589 726 pulei,
605 676 816 720 surculosa,
831 676 966 713 multis
980 676 1186 726 geniculis,
1202 677 1388 727 corymbo

213 735 407 779 odorato,1
440 738 517 772 acri
549 741 591 772 et
621 735 725 772 dulci
757 735 890 779 odore,
922 734 1025 771 ferro
1057 734 1171 772 factis
1202 748 1386 771 conman-

213 795 359 831 ducata
375 797 591 844 inponitur,
610 797 749 844 quinto
767 794 831 830 die
850 794 1025 831 solvitur.
1080 794 1322 844 symphyton
1339 794 1389 831 ad

213 856 435 890 cicatricem
465 853 668 890 celerrime
698 853 893 902 perducit,
923 856 1021 889 item
1051 853 1234 889 sideritis.
1288 852 1389 890 haec

212 914 414 961 inponitur
451 925 499 948 ex
535 912 667 948 melle.
722 912 897 948 verbasci
933 914 1084 948 semine
1120 925 1165 948 ac
1200 910 1302 948 foliis
1339 924 1388 948 ex

213 973 303 1007 vino
335 971 507 1007 decoctis
542 984 586 1007 ac
618 973 721 1007 tritis
755 973 886 1006 omnia
918 970 1040 1007 infixa
1071 973 1221 1019 corpori
1256 976 1386 1007 extra-

212 1028 373 1073 huntur,
425 1032 523 1066 item
575 1029 863 1079 mandragorae
915 1028 1017 1065 foliis
1069 1042 1159 1065 cum
1211 1028 1388 1078 polenta,

211 1088 418 1138 cyclamini
450 1088 644 1124 radicibus
677 1101 767 1124 cum
799 1087 931 1124 melle.
985 1090 1192 1137 trixaginis
1224 1087 1319 1124 folia
1348 1090 1389 1124 in

212 1147 299 1184 oleo
323 1149 494 1184 contrita
517 1147 576 1183 his
599 1149 773 1184 maxime
798 1146 1041 1184 adhibentur
1064 1146 1261 1183 ulceribus
1286 1160 1388 1196 quae

213 1212 389 1256 serpunt,
421 1212 462 1243 et
491 1206 580 1256 alga
609 1205 679 1242 in2
709 1205 828 1242 melle
858 1208 966 1249 trita,
996 1208 1200 1242 vettonica
1228 1205 1278 1242 ad
1307 1219 1388 1242 car-

212 1267 411 1301 cinomata
430 1271 472 1302 et
490 1264 727 1301 malandrias
747 1270 903 1301 veteres
923 1264 1061 1302 addito
1081 1264 1174 1301 sale.

263 1324 485 1360 LXXXIX.
515 1323 706 1360 Verrucas
751 1323 859 1360 tollit
904 1326 1134 1373 argemonia
1179 1336 1228 1360 ex
1274 1329 1388 1360 aceto

214 1382 277 1419 vel
303 1382 495 1419 batrachii
522 1382 649 1426 radix,
677 1395 780 1432 quae
809 1388 851 1419 et
877 1395 1031 1432 ungues
1060 1383 1216 1419 scabros
1244 1381 1388 1425 aufert,

212 1441 455 1478 linozostidis
483 1444 689 1490 utriusque
716 1440 811 1478 folia
837 1441 900 1478 vel
925 1454 1039 1478 sucus
1065 1441 1212 1477 inlitus.
1266 1441 1389 1491 tithy-

212 1500 322 1536 malli
349 1513 485 1537 omnes
511 1513 661 1550 genera
687 1513 937 1537 verrucarum
964 1503 1108 1543 omnia,
1132 1502 1230 1536 item
1255 1505 1389 1550 ptery-

211 1561 290 1609 gia,
336 1573 447 1596 varos
493 1559 653 1596 tollunt.
709 1562 908 1596 cicatrices
955 1572 1044 1595 cum
1091 1558 1293 1608 elegantia
1338 1559 1388 1595 ad

211 1618 382 1654 colorem
427 1618 582 1655 reducit
626 1617 826 1654 ladanum.
882 1620 1125 1654 artemisiam
1173 1623 1214 1654 et
1261 1617 1389 1654 elelis-

211 1676 381 1726 phacum
408 1677 590 1726 alligatas
617 1679 684 1726 qui
710 1676 857 1713 habeat
884 1679 1010 1713 viator
1036 1682 1206 1726 negatur
1232 1676 1385 1713 lassitu-

211 1735 347 1772 dinem
367 1738 527 1772 sentire.

265 1810 277 1829 ¹
301 1811 444 1841 odorato
476 1810 638 1847 Gelenius,
670 1810 854 1850 Detlefsenz
898 1811 1041 1842 odorata
1071 1810 1183 1841 codd.:
1227 1810 1265 1841 in
1294 1809 1388 1841 uncis

213 1853 376 1969 Zssygllsng⁸
394 1897 429 1927 in
455 1895 538 1936 vulq.
568 1895 751 1936 Detlefsen:
791 1895 913 1927 alcima
938 1897 972 1927 in
1000 1895 1157 1936 Mayhoff
1167 1907 1174 1926 :
1213 1895 1325 1936 algam
1350 1896 1384 1926 in

277 1963 284 1970 ,
1387 1944 1398 1959 ι

294 2040 309 2055 ‘¹
332 2036 398 2067 For
413 2036 600 2069 malandria
617 2047 670 2070 see
687 2037 743 2070 list
759 2037 799 2068 of
810 2037 975 2074 diseases;
1005 2036 1072 2066 and
1090 2036 1210 2067 XXIV
1226 2037 1239 2076 §
1256 2038 1308 2068 44.

208 2101 278 2138 374
