1459 2288
93 483 133 514 26

94 909 133 940 27

94 1284 134 1314 28

359 161 554 199 PLINY:
599 161 862 199 NATURAL
895 161 1132 199 HISTORY

158 271 237 308 tur,
257 265 329 301 sub
353 265 522 301 solstitio
545 264 711 301 collecta
734 267 936 314 inponitur
960 277 1009 301 ex
1033 277 1137 314 aqua
1160 264 1337 308 caelesti,

159 317 297 355 folium
331 321 471 355 tritum
504 318 566 354 vel
599 318 712 355 radix
745 324 837 354 tusa
869 331 960 354 cum
994 320 1167 368 axungia
1199 321 1259 354 ita
1294 323 1339 354 ut

158 374 330 421 inposita
349 371 443 408 folio
462 385 532 408 suo
551 375 763 421 operiatur.
818 374 872 408 sic
891 378 933 408 et
952 371 1002 408 ad
1021 384 1157 408 omnes
1176 374 1338 408 cervicis

159 425 314 461 dolores
336 431 592 474 tumoresque
615 438 865 474 quacumque
886 427 927 461 in
948 430 1074 474 parte.

210 478 324 514 XIII.
354 478 473 514 Bellis
500 481 540 514 in
567 481 690 528 pratis
719 481 905 521 nascitur,
933 477 1029 514 flore
1057 478 1159 521 albo,
1189 477 1339 527 aliqua-

159 538 277 568 tenus
305 532 488 568 rubente.
542 531 644 568 hanc
673 545 762 568 cum
791 534 993 568 artemisia
1024 531 1181 567 inlitam
1211 531 1338 568 effica-

159 588 304 621 ciorem
329 598 414 621 esse
438 585 623 634 produnt.

212 638 319 674 XIV.
349 638 606 675 Condurdum
636 651 793 688 quoque
827 638 951 675 herba
981 638 1212 681 solstitialis,
1241 637 1335 674 flore

159 692 290 735 rubro,
314 705 504 741 suspensa
527 695 567 728 in
591 691 692 728 collo
715 695 960 741 conprimere
985 691 1129 728 dicitur
1152 697 1336 734 strumas,

159 748 256 781 item
295 745 516 782 verbenaca
552 758 642 781 cum
679 745 924 795 plantagine.
979 745 1195 794 digitorum
1232 747 1336 781 vitiis

160 799 340 835 omnibus
407 804 448 835 et
513 801 696 848 privatim
762 801 954 849 pterygiis
1020 797 1336 848 quinquefolium

159 852 358 888 medetur.

213 905 298 941 XV.
329 905 375 941 In
402 908 572 954 pectoris
598 909 702 942 vitiis
729 905 791 942 vel
817 908 1091 955 gravissimum
1118 911 1179 942 est
1207 908 1338 941 tussis.

164 958 255 995 huic
270 959 457 995 medetur
477 962 636 1008 panacis
657 959 770 995 radix
792 961 831 994 in
848 962 938 995 vino
957 958 1076 1001 dulci,
1092 971 1206 995 sucus
1225 958 1340 1008 hyos-

162 1015 466 1062 cyami—etiam
500 1015 735 1062 sanguinem
770 1013 1061 1055 excreantibus,
1094 1011 1207 1048 nidor
1246 1025 1340 1061 quo-

164 1078 241 1114 que
297 1068 448 1102 accensi
504 1066 916 1102 tussientibus—item
971 1065 1161 1102 scordotis
1215 1068 1341 1101 mixto

163 1122 359 1155 nasturtio
387 1125 428 1156 et
454 1121 583 1155 resina
610 1132 699 1155 cum
725 1119 845 1155 melle
871 1125 990 1155 tunsa
1016 1118 1273 1155 arida—facit
1299 1124 1341 1155 et

163 1185 234 1222 per
259 1185 301 1209 se
327 1172 461 1209 faciles
489 1175 913 1209 excreationes—item
939 1175 1189 1208 centaurium
1214 1174 1340 1208 maius

161 1225 223 1262 vel
251 1229 488 1276 sanguinem
515 1227 784 1269 reicientibus,
813 1229 875 1262 cui
904 1229 1000 1262 vitio
1029 1232 1071 1262 et
1098 1225 1341 1275 plantaginis

161 1292 276 1315 sucus
309 1280 507 1322 medetur,
541 1285 583 1316 et
615 1282 817 1316 vettonica
849 1279 974 1316 obolis
1006 1280 1132 1316 tribus
1164 1281 1205 1315 in
1238 1292 1341 1328 aqua

161 1339 300 1369 contra
323 1333 558 1382 purulentas
583 1339 800 1382 contraque
825 1338 1009 1369 cruentas
1035 1335 1339 1375 exscreationes,

161 1386 400 1435 persollatae
449 1386 561 1422 radix
609 1386 797 1423 drachma
845 1386 1029 1435 ponderis
1076 1399 1166 1422 cum
1213 1388 1339 1435 pineis

161 1439 310 1476 nucleis
338 1440 539 1483 undecim,
566 1440 790 1489 peucedani
817 1453 944 1476 sucuS.
998 1442 1168 1488 pectoris
1197 1439 1338 1476 dolori-

160 1493 234 1529 bus
261 1507 420 1530 acorum
444 1494 724 1530 subvenit—et
747 1493 836 1529 ideo
853 1493 867 1516 1
891 1493 1080 1529 antidotis
1104 1495 1341 1529 miscetur—

328 1588 339 1606 ¹
363 1588 438 1619 ideo
457 1587 630 1628 Detlefsen,
651 1588 752 1625 codd„
773 1587 854 1627 ναῖς.
872 1600 879 1618 :
911 1587 1001 1618 idem
1019 1587 1181 1628 Maylzoff.

205 1737 219 1750 ‘²
243 1733 283 1763 In
308 1732 463 1773 deciding
487 1732 545 1763 the
569 1732 660 1773 right
684 1732 822 1772 reading
845 1732 922 1763 here
946 1741 995 1762 we
1019 1730 1140 1762 should
1164 1731 1244 1762 take
1267 1732 1340 1762 into

163 1779 307 1806 account
341 1775 553 1806 Dioscorides
587 1775 653 1811 III,
690 1775 772 1806 152:
812 1775 932 1815 ἅλισμα
966 1784 974 1791 ·
1005 1773 1036 1805 οἱ
1067 1773 1102 1806 δὲ
1135 1773 1342 1815 δαμασώνιον

163 1818 324 1850 καλοῦσιν.
372 1818 421 1849 Cf.
444 1818 555 1854 XXV,
580 1819 650 1849 124.

206 1860 217 1879 ὂ
242 1862 276 1892 Is
296 1861 420 1901 solium
450 1860 625 1902 (singular)
654 1861 812 1901 generic?
860 1861 1033 1900 Perhaps:
1077 1859 1148 1890 “so
1176 1859 1256 1890 that
1282 1860 1342 1890 the

162 1904 371 1945 application
387 1914 468 1944 may
485 1904 526 1935 be
543 1904 686 1935 covered
701 1903 791 1934 et-css’

207 1952 218 1966 ⁶
242 1947 282 1978 In
308 1947 377 1977 this
405 1950 544 1978 context
569 1946 714 1977 antidota
738 1956 818 1986 may
843 1956 942 1976 mean
969 1945 988 1956 “
1005 1945 1113 1985 cough
1138 1944 1338 1981 mixtures‚”

162 1990 214 2020 for
233 1990 415 2020 antidotum
435 1990 469 2020 in
490 1990 548 2020 the
569 1999 663 2020 sense
684 1989 722 2019 of
738 1989 876 2029 remedy
895 1989 923 2019 is
943 1991 1005 2018 not
1024 1988 1170 2018 without
1190 1987 1338 2028 parallel.

162 2033 322 2073 Perhaps,
347 2032 512 2069 however,
536 2032 595 2063 the
618 2031 802 2072 sweet-flag
826 2041 893 2062 was
916 2034 980 2072 put
1000 2031 1073 2062 into
1094 2030 1266 2062 antidotes
1288 2030 1341 2061 for

162 2095 232 2138 284
