1459 2288
136 530 177 559 94

135 898 175 929 95

136 1452 176 1482 96

406 177 574 214 PLINY
591 191 599 215 ε
639 177 902 214 NATURAL
940 177 1177 215 HISTORY

255 279 399 315 LXIX.
432 279 577 316 Idaeae
592 279 741 316 herbae
757 279 852 316 folia
866 286 959 317 sunt
975 293 1076 329 quae
1093 282 1377 330 oxymyrsines.

204 340 425 377 adhaerent
459 343 503 377 iis
540 341 650 378 velut
684 344 874 391 pampini,
908 344 948 377 in
984 341 1125 390 quibus
1159 340 1241 378 flos.
1295 344 1380 390 ipsa

203 402 334 438 alvum
357 415 595 451 mensesque
620 408 662 439 et
685 416 844 439 omnem
869 402 1155 439 abundantiam
1179 405 1379 452 sanguinis

203 466 318 500 sistit.
373 463 566 513 spissandi
585 463 876 513 cohibendique
895 470 1079 500 naturam
1097 463 1249 501 habet.²

253 524 374 561 LXX.
407 524 599 575 Isopyron
627 525 747 574 aliqui
776 525 982 574 phaselion
1011 531 1166 569 vocant,
1195 528 1381 574 quoniam

203 585 341 622 folium
372 586 478 635 quod
509 593 570 623 est
600 600 720 623 aneso
750 586 876 623 simile
906 589 946 623 in
976 586 1145 636 passeoli
1175 589 1380 636 pampinos

204 654 425 697 torquetur.
481 648 656 697 capitula
690 654 783 685 sunt
818 651 858 684 in
893 661 1047 684 summo
1082 647 1194 684 caule
1230 651 1380 691 tenuia,

203 709 320 758 plena
362 712 521 746 seminis
564 709 772 753 melanthi,
811 715 949 746 contra
987 712 1127 746 tussim
1167 715 1208 745 et
1247 715 1382 746 cetera

203 773 372 820 pectoris
390 773 485 807 vitia
501 784 591 807 cum
606 770 726 807 melle
744 777 814 808 aut
831 784 934 820 aqua
950 771 1090 814 mulsa,
1107 773 1205 807 item
1221 773 1380 807 iocineri

203 831 439 869 utilissima.2

252 893 395 930 LXXI.
427 893 611 944 Lathyris
630 893 724 931 folia
741 894 865 931 habet
882 894 1011 930 multa
1028 894 1206 930 lactucae
1224 894 1379 937 similia,

202 958 397 999 tenuiora,
423 958 604 1005 germina
630 955 770 999 multa,
797 958 837 991 in
864 956 1006 1005 quibus
1033 968 1170 991 semen
1196 955 1381 992 tuniculis

202 1020 430 1053 continetur
446 1023 490 1053 ut
506 1020 698 1066 capparis,
715 1030 818 1066 quae
834 1030 923 1053 cum
939 1019 1135 1060 inaruere‚
1151 1019 1380 1053 eximuntur

202 1092 326 1128 grana
358 1081 502 1128 piperis
535 1078 827 1129 magnitudine,
860 1078 1042 1121 candida,
1075 1077 1219 1121 dulcia,
1252 1077 1382 1114 facilia

202 1146 388 1189 purgatu.
442 1139 541 1176 haec
565 1143 703 1177 vicena
726 1143 766 1176 in
790 1153 895 1190 aqua
918 1153 1017 1190 pura
1042 1145 1111 1176 aut
1135 1139 1263 1176 mulsa
1286 1145 1382 1189 pota

202 1201 436 1251 hydropicos
475 1207 629 1238 sanant.
687 1201 852 1238 trahunt
891 1208 933 1238 et
970 1201 1103 1238 bilem.
1162 1203 1227 1250 qui
1263 1200 1381 1237 vehe-

203 1266 376 1299 mentius
406 1265 564 1313 purgari
595 1263 733 1300 volunt
762 1276 853 1300 cum
886 1261 1068 1299 folliculis
1097 1264 1189 1311 ipsis
1219 1268 1382 1299 sumunt

204 1338 264 1367 ea,
294 1338 386 1360 nam
415 1324 663 1361 stomachum
698 1324 878 1368 laedunt,
906 1326 1043 1374 itaque
1078 1327 1286 1360 inventurn
1322 1330 1382 1360 est

203 1392 248 1422 ut
268 1399 357 1422 cum
378 1388 483 1435 pisce
501 1392 571 1423 aut
587 1389 671 1422 iure
688 1386 896 1436 gallinacei
914 1391 1177 1422 sumerentur.

254 1447 419 1484 LXXII.
451 1447 772 1497 Leontopetalon
798 1447 862 1484 alii
888 1447 1079 1496 rapadion
1106 1453 1262 1490 vocant,
1289 1445 1383 1483 folio

204 1509 412 1552 brassicae,
433 1508 545 1545 caule
572 1508 817 1558 semipedali.
872 1508 959 1545 alae
988 1504 1155 1558 plures?
1177 1521 1314 1545 semen
1342 1511 1382 1544 in

256 1611 266 1629 ¹
291 1610 396 1642 habet
420 1611 501 1650 vulq.
526 1610 684 1651 Illayhoff
701 1610 871 1642 emendat:
909 1611 1081 1651 sanguinis
1103 1611 1194 1642 sistit,
1216 1610 1382 1651 spissandi·

211 1653 458 1693 cohibendique
474 1657 609 1685 natura.

255 1697 267 1715 ²
291 1696 471 1727 utilissima
491 1697 525 1737 d(
539 1698 567 1736 5³)
590 1695 686 1736 vuly„
706 1695 892 1736 Detlefsen:
927 1694 1107 1727 utilissimo
1126 1695 1243 1728 VRE:
1276 1695 1380 1726 utilis-

211 1740 287 1770 simi
305 1739 468 1780 sslayhoff.

253 1783 265 1801 ³
289 1782 401 1823 plures
433 1781 553 1821 Silliq:
602 1782 707 1812 mirae
739 1780 926 1821 Detlefsen:
969 1791 1169 1812 numerosae
1203 1781 1365 1821 Mayhoff:

213 1834 312 1857 nures
329 1824 357 1856 E
373 1838 380 1856 :
410 1835 494 1856 nure
510 1824 585 1856 VR.

553 1997 567 2012 ⁰
591 1993 646 2029 Or,
666 1992 685 2004 “
700 1993 846 2024 without
861 1992 1050 2025 addition.'’

555 2034 568 2054 ὸ
592 2035 647 2071 Or,
667 2036 685 2047 ‘⁶
701 2035 866 2076 styptic.'’

204 2100 274 2144 446
