1459 2288
402 103 597 141 PLINY:
643 104 906 141 NATURAL
939 103 1172 141 HISTORY

197 207 379 244 mollibus
399 209 579 256 inpositis
600 206 700 243 foliis
721 219 810 242 cum
832 211 946 242 aceto
967 211 1009 242 et
1029 218 1189 242 rosaceo
1210 208 1313 242 tritis
1335 212 1376 242 et

134 282 176 313 76
203 277 390 319 decoctis,
436 275 572 312 addito
618 281 758 325 postea
802 288 960 311 rosaceo
1005 274 1103 312 oleo.
1158 275 1377 311 inlinuntur

135 841 173 870 77

199 352 334 383 autem
360 345 492 390 fronti,
515 351 555 382 et
581 345 745 381 decocto
771 357 907 381 eorum
929 343 1086 381 fovetur
1109 358 1151 381 os
1175 350 1376 394 caputque

199 417 473 465 perunguitur.
529 414 621 450 lieni
642 420 683 450 et
701 420 796 463 pota
816 419 856 450 et
876 413 989 450 inlita
1007 419 1185 463 prosunt.
1240 414 1376 450 decoc-

199 491 319 521 untur
363 490 403 520 et
447 490 585 520 contra
627 483 806 520 horrores
850 482 1021 519 febrium
1067 485 1376 532 eruptionesque

200 559 369 606 pituitae
393 562 463 592 aut
484 559 523 592 in
547 558 636 592 vino
660 561 856 592 teruntur.
912 555 1088 605 corymbi
1111 568 1270 605 quoque
1293 557 1376 604 poti

200 626 261 663 vel
288 626 389 662 inliti
417 625 560 662 lienem
589 631 745 668 sanant,
771 627 942 661 iocinera
968 630 1105 661 auten]
1132 624 1244 661 inliti.
1300 630 1377 661 tra-

200 695 301 732 hunt
345 701 386 732 et
428 708 585 731 menses
630 694 813 744 adpositi.
869 707 983 730 sucus
1027 693 1201 730 hederae
1244 693 1379 730 taedia

200 768 352 802 narium
377 764 771 815 graveolentiamque
797 763 1000 807 emendat,
1024 766 1238 813 praecipue
1264 763 1377 800 albae

201 837 363 871 sativae.
418 835 524 871 idem
552 833 702 870 infusus
730 834 890 870 naribus
917 839 1038 883 caput
1065 839 1224 883 purgat,
1252 833 1378 869 effica-

199 907 280 940 cius
336 904 472 940 addito
529 906 643 940 nitro.
700 902 922 939 infunditur
978 905 1102 939 etiam
1157 902 1378 952 purulentis

202 975 360 1010 auribus
376 979 445 1010 aut
460 973 687 1010 dolentibus
702 986 791 1009 cum
807 972 905 1009 oleo.
961 973 1206 1008 cicatricibus
1221 985 1380 1022 quoque

200 1044 384 1080 decorem
409 1042 515 1079 facit.
572 1043 621 1079 ad
646 1043 769 1079 lienes
794 1042 987 1079 efficacior
1011 1041 1127 1078 albae
1151 1041 1254 1079 ferro
1278 1041 1379 1078 cale-

201 1112 341 1150 factus.
397 1115 491 1149 satis
521 1118 580 1149 est
610 1115 740 1149 acinos
769 1124 839 1148 sex
867 1114 907 1148 in
935 1113 1017 1147 vini
1044 1111 1197 1162 cyathis
1226 1111 1379 1148 duobus

201 1186 314 1220 sumi.
371 1185 469 1219 acini
492 1195 540 1218 ex
562 1182 703 1218 eadem
725 1181 815 1218 alba
833 1184 937 1218 terni
957 1183 996 1217 in
1017 1186 1130 1218 aceto
1150 1181 1276 1218 mulso
1296 1183 1378 1230 poti

201 1255 354 1289 taenias
394 1252 562 1302 pellunt,
603 1254 643 1288 in
683 1265 762 1301 qua
801 1253 1006 1287 curatione
1045 1253 1174 1287 ventri
1221 1263 1379 1300 quoque

202 1325 418 1372 inposuisse
440 1335 505 1358 eos
528 1321 624 1358 utile
649 1327 721 1357 est.
779 1320 928 1358 hedera
951 1334 1070 1370 quarn
1093 1320 1380 1371 chrysocarpon

201 1392 487 1442 appellavimus
503 1392 609 1427 bacis
628 1393 736 1427 aurei
752 1390 888 1428 coloris
904 1392 1044 1440 viginti
1059 1392 1099 1426 in
1114 1392 1192 1426 vini
1207 1392 1380 1427 sextario

203 1464 321 1505 tritis,
335 1465 390 1498 ita
409 1467 454 1498 ut
470 1463 573 1497 terni
591 1460 724 1511 cyathi
742 1465 947 1510 potentur,
964 1473 1109 1509 aquam
1126 1473 1229 1509 quae
1246 1465 1379 1496 cutem

203 1532 368 1568 subierit
400 1534 511 1568 urina
544 1531 689 1567 educit.
745 1530 1007 1567 Erasistratus
1040 1529 1216 1566 eiusdem
1251 1532 1380 1566 acinos

203 1604 378 1651 quinque
395 1603 509 1637 tritos
528 1603 566 1636 in
586 1613 744 1637 rosaceo
762 1600 848 1637 oleo
866 1599 1161 1649 calefactosque
1178 1602 1218 1636 in
1235 1601 1380 1636 cortice

202 1673 332 1720 punici
369 1670 573 1707 instillavit
607 1670 791 1707 dentium
826 1669 950 1706 dolori
985 1683 1007 1705 a
1041 1671 1238 1706 contraria
1272 1682 1378 1706 aure.

137 1746 177 1776 78
205 1743 303 1777 acini
341 1743 407 1790 qui
444 1743 542 1776 croci
581 1754 717 1776 sucum
754 1739 906 1776 habent
942 1741 1187 1789 praesumpti
1223 1744 1321 1788 potu
1358 1752 1381 1774 a

201 1810 361 1860 crapula
390 1815 498 1846 tutos
528 1815 749 1859 praestant,
767 1811 865 1845 item
885 1811 1119 1859 sanguinem
1147 1814 1379 1845 excreantes

628 1966 643 1981 ⁶
665 1962 725 1994 See
742 1961 836 1993 XVI.
854 1962 868 2001 ξ
887 1962 958 1993 147.

206 2029 250 2075 58
