1459 2288
139 506 178 535 10

138 879 174 909 ll

139 1306 177 1337 12

406 181 600 219 PLINY:
646 183 908 220 NATURAL
942 183 1177 220 HISTORY

203 289 343 324 nitum.
399 286 495 335 quid
526 285 599 322 hoc
634 299 718 322 esse
757 286 931 322 dicamus
971 292 1040 323 aut
1078 301 1174 336 quas
1212 287 1376 324 deorum

203 341 306 377 iras?
359 353 499 389 parum
534 342 639 376 enim
675 345 789 376 erant
823 339 971 375 homini
1006 346 1116 377 certa
1150 342 1376 378 morborum

203 407 365 443 genera,
391 406 481 429 cum
506 406 624 442 supra
649 399 831 429 trecenta
856 399 1003 436 essent,
1029 396 1102 430 nisi
1128 397 1251 430 etiam
1276 408 1377 431 nova

203 447 468 483 timerentur?
503 459 634 495 neque
654 448 726 495 ipsi
747 453 883 482 autem
902 446 1080 483 homines
1099 450 1285 496 pauciora
1304 449 1375 484 sibi

203 513 324 549 opera
363 513 434 536 sua
473 502 636 549 negotia
675 502 890 548 inportant.
946 500 1043 536 haec
1084 501 1190 549 apud
1230 503 1374 550 priscos

204 559 317 590 erant
348 566 449 602 quae
480 553 775 589 memoramusl
805 553 994 597 remedia,
1024 554 1262 590 medicinam
1292 557 1376 604 ipsa

204 606 497 656 quodammodo
527 619 658 642 rerum
690 612 832 642 natura
862 605 1048 650 faciente,
1080 613 1121 643 et
1152 607 1219 644 diu
1250 607 1374 644 fuere.

205 661 457 709 Hippocratis
493 665 615 703 certe,
652 662 718 709 qui
755 662 901 708 primus
938 660 1125 697 medendi
1162 667 1378 710 praecepta

202 714 414 750 clarissime
445 713 636 756 condidit,
665 712 814 749 referta
844 713 1056 750 herbarum
1086 717 1290 751 mentione
1320 717 1377 751 in-

203 769 381 803 venimus
414 766 625 803 volumina.
680 779 752 803 nec
784 769 913 803 minus
947 767 1074 803 Diocli
1108 767 1277 817 Carysti,
1311 771 1378 817 qui

203 820 398 857 secundus
431 826 566 856 aetate
598 819 784 869 famaque
817 823 966 863 extitit,
998 823 1095 856 item
1127 819 1376 871 Praxagorae

205 880 246 910 et
278 873 486 924 Chrysippi
518 887 562 910 ac
593 873 738 910 deinde
770 873 997 910 Erasistrati
1029 874 1129 916 Cei,2
1161 874 1378 924 Herophilo

202 927 377 976 quidem,
402 940 643 976 quamquam
665 926 878 963 subtilioris
900 933 1032 964 sectae
1054 927 1262 971 conditori,
1284 934 1377 965 ante

204 980 372 1017 omnes3
400 1009 408 1016 .
439 1009 446 1016 .
477 1009 485 1017 .
514 980 756 1016 celebratam
789 983 984 1017 rationem
1018 994 1119 1024 eam,
1151 981 1377 1030 paulatim4

203 1048 274 1070 usu
307 1034 572 1070 efficacissimo
603 1047 734 1070 rerum
766 1037 941 1070 omnium
972 1037 1175 1084 magistro,
1206 1035 1377 1084 peculia-

201 1091 298 1124 riter
333 1090 472 1136 utique
508 1087 742 1130 medicinae,
780 1087 830 1123 ad
865 1088 985 1124 verba
1019 1087 1376 1138 garrulitatemque

203 1140 504 1178 descendente.⁵
556 1141 695 1177 sedere
729 1154 902 1190 namque
936 1143 976 1177 in
1009 1140 1150 1178 scholis
1185 1141 1377 1178 auditioni

203 1200 386 1244 operatos
419 1197 569 1244 gratius
604 1200 690 1230 erat
723 1207 843 1243 quam
876 1197 931 1231 ire
964 1207 1035 1243 per
1068 1195 1301 1232 solitudines
1336 1201 1377 1232 et

203 1261 394 1297 quaerere
416 1247 558 1284 herbas
581 1247 674 1283 alias
697 1247 780 1283 aliis
802 1247 941 1284 diebus
964 1250 1067 1284 anni.

254 1301 344 1337 VII.
376 1301 559 1338 Durabat
585 1307 722 1338 ‘tamen
750 1304 966 1350 antiquitas
995 1301 1106 1338 firma
1133 1315 1377 1351 magnasque

203 1354 406 1391 confessae
427 1357 484 1391 rei
506 1355 733 1391 vindicabat
754 1354 952 1403 reliquias,
974 1355 1100 1391 donec
1122 1355 1377 1405 Asclepiades

204 1414 339 1445 aetate
371 1408 511 1458 Magni
541 1407 703 1457 Pompei
733 1408 870 1444 orandi
897 1411 1088 1458 magister
1115 1422 1188 1445 nec
1216 1412 1310 1445 satis
1337 1412 1377 1445 in

204 1468 290 1499 arte
312 1476 359 1498 ea
380 1467 654 1511 quaestuosus,
675 1467 720 1498 ut
741 1461 791 1498 ad
812 1462 888 1498 alia
908 1475 1027 1511 quam
1047 1461 1175 1498 forum
1192 1463 1207 1485 ⁶
1228 1465 1377 1512 sagacis

254 1556 265 1575 ¹
290 1566 517 1587 memoramus
538 1555 694 1597 Illayhoff
708 1566 782 1587 cum
801 1556 889 1587 codd.
906 1568 913 1586 τ
947 1557 1211 1587 memoravimus
1235 1556 1374 1593 Urlichs,

211 1599 297 1630 Delle
313 1610 380 1629 sen.

252 1642 264 1660 ²
287 1599 343 1673 gei
362 1641 535 1682 Detlefs‘en,
556 1641 713 1681 Illaylzoff
727 1652 742 1672 c
761 1641 916 1671 Strabone
937 1641 984 1677 (X
1003 1652 1021 1671 v
1041 1643 1072 1681 6)
1089 1653 1096 1672 ε
1129 1641 1175 1672 Co
1194 1641 1282 1673 codd.

252 1686 264 1703 ³
288 1695 404 1715 omnes
442 1684 524 1723 vulg).
541 1696 548 1714 z
597 1685 705 1714 omnis
738 1684 839 1720 codd,
878 1683 1050 1723 Dedessen,
1091 1683 1252 1724 Mayhoff.
1300 1684 1376 1715 Post

208 1737 324 1758 omues
343 1727 459 1758 excidit
470 1727 610 1767 sortasse
627 1728 761 1757 scimus.

253 1771 264 1789 4
288 1780 374 1806 eam,
396 1770 562 1810 paulatim
582 1769 670 1800 codd.
687 1781 694 1800 t
729 1794 737 1806 ‚
756 1770 825 1800 iam
844 1768 1011 1809 paulatim
1032 1768 1192 1809 Mayhoff.

253 1814 265 1831 ⁵
289 1813 514 1844 descendente
532 1812 615 1851 vulq.
633 1824 639 1843 z
672 1812 933 1843 descendentem
952 1812 997 1842 Vl
1017 1812 1038 1842 d
1056 1815 1072 1843 t
1091 1812 1133 1842 M
1134 1811 1252 1852 ayhoff.

254 1857 266 1874 ⁶
291 1866 393 1896 quam
411 1856 522 1886 forum
533 1855 602 1895 fere
619 1865 729 1886 omnes
745 1855 834 1886 codd.
851 1867 857 1885 :
888 1865 950 1885 om.
969 1854 1051 1894 ναῖς).

245 1991 259 2005 ¹¹
282 1987 363 2017 This
382 1986 599 2017 emendation
619 1986 658 2016 of
672 1986 731 2016 the
750 1985 796 2017 Co
816 1985 854 2016 of
871 1985 929 2016 the
950 1985 1043 2016 MSS.
1061 1986 1088 2015 is
1109 1986 1247 2023 certain,
1265 1985 1376 2017 unless

202 2030 302 2070 Pliny
322 2030 383 2060 has
402 2029 502 2060 made
522 2039 585 2059 one
605 2028 643 2059 of
658 2028 709 2059 his
729 2028 981 2059 characteristic
1001 2027 1169 2059 blunders.

247 2071 258 2089 ‘²
283 2073 339 2108 Or,
358 2072 378 2084 “
393 2071 598 2103 far-fetched
613 2071 801 2102 doctrine.’'

202 2128 268 2164 272
