1459 2288
361 173 555 211 PLINY:
602 174 866 211 NATURAL
900 173 1136 211 HISTORY

159 279 355 326 perungui
388 275 531 325 Magos
563 281 606 312 et
636 274 845 312 Persarum
877 288 991 325 reges
1021 281 1067 312 ut
1098 275 1167 312 fiat
1197 289 1337 325 corpus

161 336 324 379 aspectu
354 329 585 372 iucundum,
614 329 705 365 ideo
735 329 904 365 eandem
938 328 1186 365 heliocallida
1214 332 1337 365 nomi-

159 386 255 419 nari.

69 441 128 471 166
206 436 434 472 Hermesias
453 436 502 472 ab
522 435 663 472 eodem
680 441 844 472 vocatur
862 435 912 472 ad
928 435 1071 472 liberos
1088 435 1337 485 generandos

160 489 341 539 pulchros
353 490 573 538 bonosque,
587 503 665 525 non
679 488 803 525 herba
821 488 892 525 sed
910 491 1129 538 conpositio
1149 502 1170 525 e
1189 488 1337 525 nucleis

160 545 302 592 pineae
336 545 446 579 nucis
480 545 584 579 tritis
618 556 708 578 cum
742 542 874 585 melle,
907 555 1054 585 murra,
1088 555 1214 586 croco,
1248 545 1338 578 vino

159 596 329 645 palmeo,
343 601 485 645 postea
499 596 677 632 admixto
691 595 960 632 theombrotio
975 600 1017 632 et
1030 594 1146 632 lacte.
1200 596 1337 632 bibere

157 655 418 699 generaturos
431 650 544 685 iubet
561 655 603 686 et
619 663 641 685 a
654 655 849 698 conceptu
864 654 906 685 et
919 648 934 671 1
950 662 1165 698 puerperas
1178 655 1336 698 partum

159 705 462 747 nutrientes,ita
476 703 559 739 fieri
574 703 596 750 †
611 702 853 739 excellentes
867 704 999 738 animo
1013 708 1055 739 et
1070 701 1197 739 forma
1214 709 1337 752 atque

158 756 342 804 bonos.†2
397 762 519 805 atque
539 756 679 793 harum
694 759 871 792 omnium
884 758 1039 805 magica
1053 769 1211 805 quoque
1225 769 1337 792 voca-

161 809 254 845 bula
271 812 395 858 ponit.

68 867 126 897 167
205 863 367 899 Adiecit
400 862 459 899 his
494 862 759 912 Apollodorus
795 862 1022 899 adsectator
1055 864 1138 898 eius
1172 861 1337 898 herbam

158 916 518 966 aeschynomenen,
535 918 721 965 quoniam
742 915 1087 965 adpropinquante
1106 929 1227 952 manu
1245 914 1338 952 folia

159 969 427 1012 contraheret,
466 969 583 1005 aliam
622 969 789 1012 crocida,
828 972 937 1005 cuius
975 974 1087 1006 tactu
1124 968 1338 1019 phalangia

157 1028 421 1066 morerentur,
456 1022 649 1059 Crateuas
688 1022 933 1066 onothurin,3
966 1025 1076 1058 cuius
1115 1035 1276 1072 aspersu
1316 1035 1337 1059 e

159 1079 248 1113 vino
283 1075 420 1112 feritas
456 1079 633 1113 omnium
668 1076 897 1112 animalium
943 1078 1209 1125 mitigaretur,
1245 1089 1336 1112 ana-

158 1135 449 1178 campserotem
484 1129 643 1166 celeber
676 1135 761 1166 arte
790 1131 1053 1179 grammatica
1081 1129 1200 1178 paulo
1229 1135 1337 1173 ante,

158 1185 267 1219 cuius
300 1185 460 1220 omnino
491 1188 604 1219 tactu
637 1183 814 1219 redirent
846 1195 999 1219 amores
1032 1182 1094 1219 vel
1125 1195 1215 1219 cum
1247 1182 1337 1220 odio

158 1237 342 1285 depositi.
398 1242 440 1273 et
467 1236 626 1273 abunde
653 1239 703 1272 sit
729 1236 923 1272 hactenus
950 1238 1132 1286 attigisse
1168 1238 1338 1286 insignia

158 1289 371 1339 Magorum
388 1292 428 1326 in
443 1289 575 1326 herbis
593 1290 668 1326 alia
684 1289 734 1326 de
750 1289 809 1326 his
827 1292 980 1339 aptiore
997 1289 1159 1326 dicturis
1174 1289 1271 1326 loco.

208 1386 220 1404 ¹
243 1389 279 1416 et
291 1386 375 1416 coni.
389 1385 465 1417 Dal.
483 1398 489 1416 :
519 1396 580 1417 om.
595 1385 768 1426 Dedefsen,
784 1385 947 1425 Ellayhofs,
961 1385 1050 1417 codd.

207 1429 219 1447 ²
243 1428 448 1460 excellentes
477 1429 590 1459 animo
618 1432 653 1459 et
682 1428 793 1459 forma
820 1432 925 1469 atque
950 1429 1056 1460 bonos
1081 1428 1129 1465 X,
1153 1427 1238 1468 vulq.
1262 1432 1336 1459 ante

161 1471 280 1510 Silliy:
313 1471 517 1502 excellentes
534 1472 639 1502 animi
656 1475 691 1502 et
707 1472 836 1502 formae
853 1471 950 1502 bonis
967 1470 1144 1511 Detlefsen,
1162 1471 1333 1512 Illayhoff:

162 1514 357 1545 excellentis
374 1514 396 1545 d
412 1514 529 1553 Silliq:
562 1525 606 1545 (ιη
622 1514 818 1545 excellentis
834 1515 938 1545 animi
955 1517 989 1544 et
1006 1514 1135 1545 formae
1152 1514 1284 1545 bonos?

197 1558 209 1575 ³
233 1557 417 1588 onothurin
427 1558 511 1588 coni.
520 1557 540 1588 I
542 1567 627 1588 (mus
638 1557 750 1588 collato
759 1557 948 1588 Dioscorida
958 1557 977 1587 I
985 1557 1021 1589 V.
1032 1559 1093 1589 117
1105 1559 1114 1597 (
1124 1556 1332 1596 Πέῑίπιαηηῂ

162 1600 361 1631 oenotherin
375 1600 539 1640 Detlefsen
554 1612 560 1631 z
590 1600 845 1631 ocnotheridem
859 1599 941 1640 ταῖς).
959 1612 965 1630 :
995 1600 1090 1631 varia
1102 1600 1190 1630 codd.

197 1727 211 1741 ⁰
237 1723 256 1735 “
272 1723 409 1764 Beauty
421 1724 460 1755 of
470 1724 528 1755 the
542 1724 647 1755 Sun.'’

198 1766 209 1784 ²²
233 1767 305 1797 The
333 1770 410 1797 text
438 1768 465 1798 is
497 1778 579 1807 very
605 1768 793 1798 uncertain.
840 1767 991 1807 Perhaps
1016 1767 1075 1797 the
1101 1766 1242 1806 original
1267 1776 1335 1797 was

151 1809 335 1840 excellentis
350 1810 458 1840 animi
474 1814 503 1841 el
514 1811 654 1851 formae,
673 1811 772 1841 bono-5
788 1821 825 1841 or
841 1810 935 1841 bonis
946 1809 1047 1849 being
1059 1809 1172 1840 added
1185 1809 1231 1849 by
1243 1820 1336 1840 some

150 1853 257 1883 scribe
270 1852 346 1883 who
358 1853 590 1884 remembered
604 1854 663 1884 thc
677 1854 822 1893 opening
836 1853 944 1883 words
961 1852 1000 1883 of
1010 1852 1079 1883 this
1095 1852 1235 1883 section.
1273 1852 1335 1884 See

150 1895 348 1926 Additional
364 1896 475 1932 Notas,
492 1906 525 1936 p.
543 1897 617 1927 483.

197 1942 207 1956 ⁰
231 1937 301 1968 The
319 1938 338 1950 “
353 1938 418 1978 shy
434 1938 453 1950 ⁷'
470 1938 579 1979 plant.

197 1980 210 1997 ‘¹
236 1980 407 2021 Probably
424 1981 537 2021 Apion
556 1981 654 2018 (circa
671 1990 742 2013 ΔΛ).
761 1982 828 2022 38).

199 2029 209 2040 ⁰
235 2024 253 2035 ‘⁴
269 2023 431 2054 Restorer
446 2024 485 2055 of
496 2024 562 2056 lost
578 2024 690 2057 Iove.⁷’

158 2086 224 2120 118
