<?xml version="1.0" encoding="UTF-8"?>
<!DOCTYPE html PUBLIC "-//W3C//DTD XHTML 1.0 Transitional//EN"
    "http://www.w3.org/TR/xhtml1/DTD/xhtml1-transitional.dtd">
<html xmlns="http://www.w3.org/1999/xhtml" xml:lang="en" lang="en">
 <head>
  <title>
</title>
<meta http-equiv="Content-Type" content="text/html;charset=utf-8" />
  <meta name='ocr-system' content='tesseract 3.04.00' />
  <meta name='ocr-capabilities' content='ocr_page ocr_carea ocr_par ocr_line ocrx_word'/>
</head>
<body>
  <div class='ocr_page' id='page_1' title='image "./naturalhistory07plinuoft_0196.png"; bbox 0 0 1459 2288; ppageno 0'>
   <div class='ocr_carea' id='block_1_1' title="bbox 113 353 154 382">
    <p class='ocr_par' dir='ltr' id='par_1_1' title="bbox 113 353 154 382">
     <span class='ocr_line' id='line_1_1' title="bbox 113 353 154 382; baseline -0.024 0"><span class='ocrx_word' id='word_1_1' title='bbox 113 353 154 382; x_wconf 83' lang='lat'>54</span> 
     </span>
    </p>
   </div>
   <div class='ocr_carea' id='block_1_2' title="bbox 114 725 154 754">
    <p class='ocr_par' dir='ltr' id='par_1_2' title="bbox 114 725 154 754">
     <span class='ocr_line' id='line_1_2' title="bbox 114 725 154 754; baseline 0 0"><span class='ocrx_word' id='word_1_2' title='bbox 114 725 154 754; x_wconf 90' lang='lat'>55</span> 
     </span>
    </p>
   </div>
   <div class='ocr_carea' id='block_1_3' title="bbox 115 1202 156 1233">
    <p class='ocr_par' dir='ltr' id='par_1_3' title="bbox 115 1202 156 1233">
     <span class='ocr_line' id='line_1_3' title="bbox 115 1202 156 1233; baseline 0 0"><span class='ocrx_word' id='word_1_3' title='bbox 115 1202 156 1233; x_wconf 89' lang='lat'>56</span> 
     </span>
    </p>
   </div>
   <div class='ocr_carea' id='block_1_4' title="bbox 116 1681 155 1712">
    <p class='ocr_par' dir='ltr' id='par_1_4' title="bbox 116 1681 155 1712">
     <span class='ocr_line' id='line_1_4' title="bbox 116 1681 155 1712; baseline -0.026 0"><span class='ocrx_word' id='word_1_4' title='bbox 116 1681 155 1712; x_wconf 90' lang='lat'>57</span> 
     </span>
    </p>
   </div>
   <div class='ocr_carea' id='block_1_5' title="bbox 382 137 1156 176">
    <p class='ocr_par' dir='ltr' id='par_1_5' title="bbox 382 137 1156 176">
     <span class='ocr_line' id='line_1_5' title="bbox 382 137 1156 176; baseline 0.001 -2"><span class='ocrx_word' id='word_1_5' title='bbox 382 137 576 175; x_wconf 78' lang='lat' dir='ltr'><strong>PLINY:</strong></span> <span class='ocrx_word' id='word_1_6' title='bbox 623 138 886 176; x_wconf 89' lang='lat' dir='ltr'>NATURAL</span> <span class='ocrx_word' id='word_1_7' title='bbox 919 138 1156 176; x_wconf 86' lang='lat' dir='ltr'><strong>HISTORY</strong></span> 
     </span>
    </p>
   </div>
   <div class='ocr_carea' id='block_1_6' title="bbox 179 239 1361 1725">
    <p class='ocr_par' dir='ltr' id='par_1_6' title="bbox 179 239 1356 330">
     <span class='ocr_line' id='line_1_6' title="bbox 179 239 1356 290; baseline 0.002 -14"><span class='ocrx_word' id='word_1_8' title='bbox 179 246 300 290; x_wconf 86' lang='lat' dir='ltr'>gustu</span> <span class='ocrx_word' id='word_1_9' title='bbox 340 239 577 289; x_wconf 80' lang='lat' dir='ltr'>fervensque</span> <span class='ocrx_word' id='word_1_10' title='bbox 614 242 655 276; x_wconf 90' lang='lat' dir='ltr'>in</span> <span class='ocrx_word' id='word_1_11' title='bbox 693 239 914 290; x_wconf 81' lang='lat' dir='ltr'>frangendo</span> <span class='ocrx_word' id='word_1_12' title='bbox 951 240 1156 290; x_wconf 87' lang='lat' dir='ltr'>pulverem</span> <span class='ocrx_word' id='word_1_13' title='bbox 1196 243 1356 278; x_wconf 86' lang='lat' dir='ltr'>emittit.</span> 
     </span>
     <span class='ocr_line' id='line_1_7' title="bbox 180 292 818 330; baseline -0.002 0"><span class='ocrx_word' id='word_1_14' title='bbox 180 294 323 330; x_wconf 88' lang='lat' dir='ltr'>durare</span> <span class='ocrx_word' id='word_1_15' title='bbox 344 297 422 330; x_wconf 72' lang='lat' dir='ltr'>vim</span> <span class='ocrx_word' id='word_1_16' title='bbox 445 305 518 329; x_wconf 61' lang='lat' dir='ltr'>xm(</span> <span class='ocrx_word' id='word_1_17' title='bbox 539 295 650 329; x_wconf 89' lang='lat' dir='ltr'>annis</span> <span class='ocrx_word' id='word_1_18' title='bbox 671 292 818 330; x_wconf 88' lang='lat' dir='ltr'>ferunt.</span> 
     </span>
    </p>

    <p class='ocr_par' dir='ltr' id='par_1_7' title="bbox 180 346 1361 1193">
     <span class='ocr_line' id='line_1_8' title="bbox 231 346 1357 396; baseline 0.001 -14"><span class='ocrx_word' id='word_1_19' title='bbox 231 347 362 382; x_wconf 89' lang='lat' dir='ltr'>XXII.</span> <span class='ocrx_word' id='word_1_20' title='bbox 394 347 560 396; x_wconf 81' lang='lat' dir='ltr'>Nigrum</span> <span class='ocrx_word' id='word_1_21' title='bbox 583 346 768 383; x_wconf 85' lang='lat' dir='ltr'>medetur</span> <span class='ocrx_word' id='word_1_22' title='bbox 790 346 1030 396; x_wconf 80' lang='lat' dir='ltr'><strong>paralyticis,</strong></span> <span class='ocrx_word' id='word_1_23' title='bbox 1053 347 1357 389; x_wconf 76' lang='lat' dir='ltr'>insanientibus,</span> 
     </span>
     <span class='ocr_line' id='line_1_9' title="bbox 181 398 1358 450; baseline 0.001 -15"><span class='ocrx_word' id='word_1_24' title='bbox 181 399 418 450; x_wconf 80' lang='lat' dir='ltr'>hydropicis,</span> <span class='ocrx_word' id='word_1_25' title='bbox 457 400 552 436; x_wconf 90' lang='lat' dir='ltr'>dum</span> <span class='ocrx_word' id='word_1_26' title='bbox 591 402 689 436; x_wconf 89' lang='lat' dir='ltr'>citra</span> <span class='ocrx_word' id='word_1_27' title='bbox 727 398 883 443; x_wconf 80' lang='lat' dir='ltr'>febrim,</span> <span class='ocrx_word' id='word_1_28' title='bbox 921 399 1106 449; x_wconf 82' lang='lat' dir='ltr'>podagris</span> <span class='ocrx_word' id='word_1_29' title='bbox 1147 401 1358 443; x_wconf 88' lang='lat' dir='ltr'>veteribus,</span> 
     </span>
     <span class='ocr_line' id='line_1_10' title="bbox 181 452 1359 502; baseline 0 -13"><span class='ocrx_word' id='word_1_30' title='bbox 181 453 413 489; x_wconf 88' lang='lat' dir='ltr'>articulariis</span> <span class='ocrx_word' id='word_1_31' title='bbox 446 453 613 495; x_wconf 91' lang='lat' dir='ltr'>morbis;</span> <span class='ocrx_word' id='word_1_32' title='bbox 659 452 783 489; x_wconf 88' lang='lat' dir='ltr'>trahit</span> <span class='ocrx_word' id='word_1_33' title='bbox 815 466 863 489; x_wconf 87' lang='lat' dir='ltr'>ex</span> <span class='ocrx_word' id='word_1_34' title='bbox 897 452 983 489; x_wconf 74' lang='lat' dir='ltr'>alvo</span> <span class='ocrx_word' id='word_1_35' title='bbox 1015 452 1149 496; x_wconf 89' lang='lat' dir='ltr'>bilem,</span> <span class='ocrx_word' id='word_1_36' title='bbox 1181 455 1359 502; x_wconf 79' lang='lat' dir='ltr'>pituitas,</span> 
     </span>
     <span class='ocr_line' id='line_1_11' title="bbox 181 505 1358 555; baseline 0 -13"><span class='ocrx_word' id='word_1_37' title='bbox 181 519 315 555; x_wconf 84' lang='lat' dir='ltr'>aquas.</span> <span class='ocrx_word' id='word_1_38' title='bbox 369 506 487 542; x_wconf 87' lang='lat' dir='ltr'>datur</span> <span class='ocrx_word' id='word_1_39' title='bbox 502 506 552 542; x_wconf 91' lang='lat' dir='ltr'>ad</span> <span class='ocrx_word' id='word_1_40' title='bbox 567 505 710 542; x_wconf 89' lang='lat' dir='ltr'>leniter</span> <span class='ocrx_word' id='word_1_41' title='bbox 726 505 982 542; x_wconf 84' lang='lat' dir='ltr'>molliendam</span> <span class='ocrx_word' id='word_1_42' title='bbox 999 506 1130 542; x_wconf 79' lang='lat' dir='ltr'>alvum</span> <span class='ocrx_word' id='word_1_43' title='bbox 1146 506 1358 555; x_wconf 80' lang='lat' dir='ltr'>plurimum</span> 
     </span>
     <span class='ocr_line' id='line_1_12' title="bbox 180 559 1358 608; baseline 0 -13"><span class='ocrx_word' id='word_1_44' title='bbox 180 559 369 596; x_wconf 81' lang='lat' dir='ltr'>drachma</span> <span class='ocrx_word' id='word_1_45' title='bbox 411 572 503 602; x_wconf 86' lang='lat' dir='ltr'>una,</span> <span class='ocrx_word' id='word_1_46' title='bbox 546 559 700 595; x_wconf 89' lang='lat' dir='ltr'>modice</span> <span class='ocrx_word' id='word_1_47' title='bbox 743 565 933 608; x_wconf 85' lang='lat' dir='ltr'>quattuor</span> <span class='ocrx_word' id='word_1_48' title='bbox 975 559 1112 595; x_wconf 85' lang='lat' dir='ltr'>obolis.</span> <span class='ocrx_word' id='word_1_49' title='bbox 1166 562 1358 595; x_wconf 77' lang='lat' dir='ltr'>miscuere</span> 
     </span>
     <span class='ocr_line' id='line_1_13' title="bbox 181 612 1358 661; baseline 0 -13"><span class='ocrx_word' id='word_1_50' title='bbox 181 612 301 661; x_wconf 87' lang='lat' dir='ltr'>aliqui</span> <span class='ocrx_word' id='word_1_51' title='bbox 329 618 370 649; x_wconf 90' lang='lat' dir='ltr'>et</span> <span class='ocrx_word' id='word_1_52' title='bbox 396 615 652 655; x_wconf 83' lang='lat' dir='ltr'>scamonium,</span> <span class='ocrx_word' id='word_1_53' title='bbox 678 612 748 648; x_wconf 85' lang='lat' dir='ltr'>sed</span> <span class='ocrx_word' id='word_1_54' title='bbox 774 615 898 648; x_wconf 85' lang='lat' dir='ltr'>tutius</span> <span class='ocrx_word' id='word_1_55' title='bbox 925 612 1060 648; x_wconf 88' lang='lat' dir='ltr'>salem.</span> <span class='ocrx_word' id='word_1_56' title='bbox 1114 615 1153 648; x_wconf 88' lang='lat' dir='ltr'>in</span> <span class='ocrx_word' id='word_1_57' title='bbox 1179 612 1358 649; x_wconf 88' lang='lat' dir='ltr'>dulcibus</span> 
     </span>
     <span class='ocr_line' id='line_1_14' title="bbox 180 664 1360 714; baseline 0 -13"><span class='ocrx_word' id='word_1_58' title='bbox 180 665 320 701; x_wconf 89' lang='lat' dir='ltr'>datum</span> <span class='ocrx_word' id='word_1_59' title='bbox 360 668 553 714; x_wconf 87' lang='lat' dir='ltr'>copiosius</span> <span class='ocrx_word' id='word_1_60' title='bbox 593 665 812 714; x_wconf 89' lang='lat' dir='ltr'>periculum</span> <span class='ocrx_word' id='word_1_61' title='bbox 854 664 987 708; x_wconf 84' lang='lat' dir='ltr'>infert,</span> <span class='ocrx_word' id='word_1_62' title='bbox 1028 665 1229 702; x_wconf 88' lang='lat' dir='ltr'>oculorum</span> <span class='ocrx_word' id='word_1_63' title='bbox 1270 665 1360 701; x_wconf 91' lang='lat' dir='ltr'>cali-</span> 
     </span>
     <span class='ocr_line' id='line_1_15' title="bbox 180 717 1357 768; baseline 0 -14"><span class='ocrx_word' id='word_1_64' title='bbox 180 721 314 768; x_wconf 85' lang='lat' dir='ltr'>ginem</span> <span class='ocrx_word' id='word_1_65' title='bbox 335 717 420 755; x_wconf 87' lang='lat' dir='ltr'>fotu</span> <span class='ocrx_word' id='word_1_66' title='bbox 440 719 613 755; x_wconf 73' lang='lat' dir='ltr'>discutit.</span> <span class='ocrx_word' id='word_1_67' title='bbox 669 719 718 755; x_wconf 93' lang='lat' dir='ltr'>ob</span> <span class='ocrx_word' id='word_1_68' title='bbox 737 718 778 755; x_wconf 91' lang='lat' dir='ltr'>id</span> <span class='ocrx_word' id='word_1_69' title='bbox 797 718 959 767; x_wconf 88' lang='lat' dir='ltr'>quidam</span> <span class='ocrx_word' id='word_1_70' title='bbox 979 724 1021 755; x_wconf 90' lang='lat' dir='ltr'>et</span> <span class='ocrx_word' id='word_1_71' title='bbox 1039 721 1232 755; x_wconf 82' lang='lat' dir='ltr'>inunxere</span> <span class='ocrx_word' id='word_1_72' title='bbox 1251 721 1357 755; x_wconf 82' lang='lat' dir='ltr'>trito.</span> 
     </span>
     <span class='ocr_line' id='line_1_16' title="bbox 181 771 1358 821; baseline 0 -14"><span class='ocrx_word' id='word_1_73' title='bbox 181 778 366 815; x_wconf 75' lang='lat' dir='ltr'>strumas,</span> <span class='ocrx_word' id='word_1_74' title='bbox 403 777 634 821; x_wconf 86' lang='lat' dir='ltr'>suppurata,</span> <span class='ocrx_word' id='word_1_75' title='bbox 671 771 837 808; x_wconf 85' lang='lat' dir='ltr'>duritias</span> <span class='ocrx_word' id='word_1_76' title='bbox 874 774 1085 821; x_wconf 85' lang='lat' dir='ltr'>concoquit</span> <span class='ocrx_word' id='word_1_77' title='bbox 1122 778 1163 808; x_wconf 91' lang='lat' dir='ltr'>et</span> <span class='ocrx_word' id='word_1_78' title='bbox 1199 777 1358 821; x_wconf 87' lang='lat' dir='ltr'>purgat,</span> 
     </span>
     <span class='ocr_line' id='line_1_17' title="bbox 181 824 1361 874; baseline 0 -13"><span class='ocrx_word' id='word_1_79' title='bbox 181 827 278 861; x_wconf 91' lang='lat' dir='ltr'>item</span> <span class='ocrx_word' id='word_1_80' title='bbox 311 825 461 861; x_wconf 86' lang='lat' dir='ltr'>fistulas</span> <span class='ocrx_word' id='word_1_81' title='bbox 493 827 613 861; x_wconf 83' lang='lat' dir='ltr'>tertio</span> <span class='ocrx_word' id='word_1_82' title='bbox 644 824 709 861; x_wconf 89' lang='lat' dir='ltr'>die</span> <span class='ocrx_word' id='word_1_83' title='bbox 742 830 986 874; x_wconf 81' lang='lat' dir='ltr'>exemptum.</span> <span class='ocrx_word' id='word_1_84' title='bbox 1041 837 1222 861; x_wconf 73' lang='lat' dir='ltr'>verrucas</span> <span class='ocrx_word' id='word_1_85' title='bbox 1253 824 1361 861; x_wconf 86' lang='lat' dir='ltr'>tollit</span> 
     </span>
     <span class='ocr_line' id='line_1_18' title="bbox 181 877 1359 927; baseline 0 -13"><span class='ocrx_word' id='word_1_86' title='bbox 181 891 271 914; x_wconf 91' lang='lat' dir='ltr'>cum</span> <span class='ocrx_word' id='word_1_87' title='bbox 320 891 485 927; x_wconf 91' lang='lat' dir='ltr'>squama</span> <span class='ocrx_word' id='word_1_88' title='bbox 533 880 633 914; x_wconf 87' lang='lat' dir='ltr'>aeris</span> <span class='ocrx_word' id='word_1_89' title='bbox 683 883 724 914; x_wconf 88' lang='lat' dir='ltr'>et</span> <span class='ocrx_word' id='word_1_90' title='bbox 772 878 998 914; x_wconf 87' lang='lat' dir='ltr'>sandaraca.</span> <span class='ocrx_word' id='word_1_91' title='bbox 1054 877 1359 927; x_wconf 84' lang='lat' dir='ltr'>hydropicorum</span> 
     </span>
     <span class='ocr_line' id='line_1_19' title="bbox 181 930 1359 980; baseline 0 -13"><span class='ocrx_word' id='word_1_92' title='bbox 181 934 310 968; x_wconf 89' lang='lat' dir='ltr'>ventri</span> <span class='ocrx_word' id='word_1_93' title='bbox 356 933 559 980; x_wconf 87' lang='lat' dir='ltr'>inponitur</span> <span class='ocrx_word' id='word_1_94' title='bbox 605 944 694 967; x_wconf 89' lang='lat' dir='ltr'>cum</span> <span class='ocrx_word' id='word_1_95' title='bbox 741 930 867 967; x_wconf 87' lang='lat' dir='ltr'>farina</span> <span class='ocrx_word' id='word_1_96' title='bbox 912 930 1123 967; x_wconf 89' lang='lat' dir='ltr'>hordeacia</span> <span class='ocrx_word' id='word_1_97' title='bbox 1170 937 1211 967; x_wconf 85' lang='lat' dir='ltr'>et</span> <span class='ocrx_word' id='word_1_98' title='bbox 1257 933 1359 967; x_wconf 87' lang='lat' dir='ltr'>vino.</span> 
     </span>
     <span class='ocr_line' id='line_1_20' title="bbox 181 984 1361 1034; baseline 0 -14"><span class='ocrx_word' id='word_1_99' title='bbox 181 997 369 1034; x_wconf 89' lang='lat' dir='ltr'>pecorum</span> <span class='ocrx_word' id='word_1_100' title='bbox 399 990 440 1020; x_wconf 86' lang='lat' dir='ltr'>et</span> <span class='ocrx_word' id='word_1_101' title='bbox 470 987 738 1020; x_wconf 88' lang='lat' dir='ltr'>iumentorum</span> <span class='ocrx_word' id='word_1_102' title='bbox 768 986 933 1033; x_wconf 86' lang='lat' dir='ltr'>pituitas</span> <span class='ocrx_word' id='word_1_103' title='bbox 963 990 1078 1020; x_wconf 87' lang='lat' dir='ltr'>sanat</span> <span class='ocrx_word' id='word_1_104' title='bbox 1106 984 1261 1020; x_wconf 87' lang='lat' dir='ltr'>surculo</span> <span class='ocrx_word' id='word_1_105' title='bbox 1291 997 1361 1033; x_wconf 91' lang='lat' dir='ltr'>per</span> 
     </span>
     <span class='ocr_line' id='line_1_21' title="bbox 183 1037 1359 1086; baseline 0 -13"><span class='ocrx_word' id='word_1_106' title='bbox 183 1050 320 1074; x_wconf 85' lang='lat' dir='ltr'>aurem</span> <span class='ocrx_word' id='word_1_107' title='bbox 344 1040 511 1074; x_wconf 87' lang='lat' dir='ltr'>traiecto</span> <span class='ocrx_word' id='word_1_108' title='bbox 536 1043 577 1074; x_wconf 89' lang='lat' dir='ltr'>et</span> <span class='ocrx_word' id='word_1_109' title='bbox 601 1043 760 1086; x_wconf 90' lang='lat' dir='ltr'>postero</span> <span class='ocrx_word' id='word_1_110' title='bbox 783 1037 848 1073; x_wconf 89' lang='lat' dir='ltr'>die</span> <span class='ocrx_word' id='word_1_111' title='bbox 873 1037 1014 1073; x_wconf 87' lang='lat' dir='ltr'>eadem</span> <span class='ocrx_word' id='word_1_112' title='bbox 1038 1037 1134 1074; x_wconf 88' lang='lat' dir='ltr'>hora</span> <span class='ocrx_word' id='word_1_113' title='bbox 1158 1043 1359 1086; x_wconf 86' lang='lat' dir='ltr'>exempto,</span> 
     </span>
     <span class='ocr_line' id='line_1_22' title="bbox 181 1090 1360 1140; baseline 0 -14"><span class='ocrx_word' id='word_1_114' title='bbox 181 1091 353 1127; x_wconf 86' lang='lat' dir='ltr'>scabiem</span> <span class='ocrx_word' id='word_1_115' title='bbox 374 1090 664 1140; x_wconf 89' lang='lat' dir='ltr'>quadripedum</span> <span class='ocrx_word' id='word_1_116' title='bbox 682 1103 769 1126; x_wconf 91' lang='lat' dir='ltr'>cum</span> <span class='ocrx_word' id='word_1_117' title='bbox 790 1096 892 1133; x_wconf 91' lang='lat' dir='ltr'>ture,</span> <span class='ocrx_word' id='word_1_118' title='bbox 912 1103 1002 1126; x_wconf 89' lang='lat' dir='ltr'>cera</span> <span class='ocrx_word' id='word_1_119' title='bbox 1021 1102 1066 1126; x_wconf 87' lang='lat' dir='ltr'>ac</span> <span class='ocrx_word' id='word_1_120' title='bbox 1084 1093 1170 1140; x_wconf 90' lang='lat' dir='ltr'>pice</span> <span class='ocrx_word' id='word_1_121' title='bbox 1191 1090 1253 1127; x_wconf 91' lang='lat' dir='ltr'>vel</span> <span class='ocrx_word' id='word_1_122' title='bbox 1271 1103 1360 1127; x_wconf 91' lang='lat' dir='ltr'>cum</span> 
     </span>
     <span class='ocr_line' id='line_1_23' title="bbox 181 1143 387 1193; baseline 0 -13"><span class='ocrx_word' id='word_1_123' title='bbox 181 1143 387 1193; x_wconf 87' lang='lat' dir='ltr'>pisselaeo.</span> 
     </span>
    </p>

    <p class='ocr_par' dir='ltr' id='par_1_8' title="bbox 181 1196 1361 1725">
     <span class='ocr_line' id='line_1_24' title="bbox 232 1196 1361 1246; baseline 0 -13"><span class='ocrx_word' id='word_1_124' title='bbox 232 1196 387 1233; x_wconf 89' lang='lat' dir='ltr'><strong>XXIII.</strong></span> <span class='ocrx_word' id='word_1_125' title='bbox 417 1196 567 1234; x_wconf 91' lang='lat' dir='ltr'>Album</span> <span class='ocrx_word' id='word_1_126' title='bbox 601 1199 811 1246; x_wconf 89' lang='lat' dir='ltr'>optimum,</span> <span class='ocrx_word' id='word_1_127' title='bbox 847 1196 952 1246; x_wconf 91' lang='lat' dir='ltr'>quod</span> <span class='ocrx_word' id='word_1_128' title='bbox 987 1196 1192 1233; x_wconf 86' lang='lat' dir='ltr'>celerrime</span> <span class='ocrx_word' id='word_1_129' title='bbox 1226 1202 1361 1233; x_wconf 90' lang='lat' dir='ltr'>movet</span> 
     </span>
     <span class='ocr_line' id='line_1_25' title="bbox 182 1250 1361 1300; baseline -0.001 -13"><span class='ocrx_word' id='word_1_130' title='bbox 182 1256 472 1293; x_wconf 88' lang='lat' dir='ltr'>sternumenta,</span> <span class='ocrx_word' id='word_1_131' title='bbox 491 1250 562 1287; x_wconf 91' lang='lat' dir='ltr'>sed</span> <span class='ocrx_word' id='word_1_132' title='bbox 579 1250 752 1286; x_wconf 88' lang='lat' dir='ltr'>multum</span> <span class='ocrx_word' id='word_1_133' title='bbox 771 1250 986 1286; x_wconf 89' lang='lat' dir='ltr'>terribilius</span> <span class='ocrx_word' id='word_1_134' title='bbox 1006 1252 1130 1300; x_wconf 84' lang='lat' dir='ltr'>nigro,</span> <span class='ocrx_word' id='word_1_135' title='bbox 1150 1252 1361 1299; x_wconf 87' lang='lat' dir='ltr'>praecipue</span> 
     </span>
     <span class='ocr_line' id='line_1_26' title="bbox 181 1302 1361 1353; baseline -0.001 -13"><span class='ocrx_word' id='word_1_136' title='bbox 181 1306 212 1340; x_wconf 91' lang='lat' dir='ltr'>si</span> <span class='ocrx_word' id='word_1_137' title='bbox 244 1306 331 1353; x_wconf 92' lang='lat' dir='ltr'>quis</span> <span class='ocrx_word' id='word_1_138' title='bbox 363 1309 602 1352; x_wconf 88' lang='lat' dir='ltr'>apparatum</span> <span class='ocrx_word' id='word_1_139' title='bbox 633 1309 867 1352; x_wconf 85' lang='lat' dir='ltr'>poturorum</span> <span class='ocrx_word' id='word_1_140' title='bbox 899 1303 1006 1352; x_wconf 90' lang='lat' dir='ltr'>apud</span> <span class='ocrx_word' id='word_1_141' title='bbox 1037 1305 1221 1352; x_wconf 90' lang='lat' dir='ltr'>antiquos</span> <span class='ocrx_word' id='word_1_142' title='bbox 1252 1302 1361 1352; x_wconf 85' lang='lat' dir='ltr'>legat</span> 
     </span>
     <span class='ocr_line' id='line_1_27' title="bbox 182 1356 1359 1406; baseline -0.001 -13"><span class='ocrx_word' id='word_1_143' title='bbox 182 1362 320 1394; x_wconf 85' lang='lat' dir='ltr'>contra</span> <span class='ocrx_word' id='word_1_144' title='bbox 352 1356 545 1400; x_wconf 91' lang='lat' dir='ltr'>horrores,</span> <span class='ocrx_word' id='word_1_145' title='bbox 579 1356 866 1406; x_wconf 84' lang='lat' dir='ltr'>strangulatus,</span> <span class='ocrx_word' id='word_1_146' title='bbox 900 1359 1201 1405; x_wconf 81' lang='lat' dir='ltr'>intempestivas</span> <span class='ocrx_word' id='word_1_147' title='bbox 1234 1358 1359 1393; x_wconf 90' lang='lat' dir='ltr'>somni</span> 
     </span>
     <span class='ocr_line' id='line_1_28' title="bbox 182 1409 1360 1459; baseline -0.001 -13"><span class='ocrx_word' id='word_1_148' title='bbox 182 1412 296 1453; x_wconf 86' lang='lat' dir='ltr'>vires,</span> <span class='ocrx_word' id='word_1_149' title='bbox 325 1409 522 1459; x_wconf 83' lang='lat' dir='ltr'>singultus</span> <span class='ocrx_word' id='word_1_150' title='bbox 550 1409 723 1446; x_wconf 85' lang='lat' dir='ltr'>infinitos</span> <span class='ocrx_word' id='word_1_151' title='bbox 753 1415 821 1446; x_wconf 88' lang='lat' dir='ltr'>aut</span> <span class='ocrx_word' id='word_1_152' title='bbox 850 1415 1140 1453; x_wconf 86' lang='lat' dir='ltr'>sternumenta,</span> <span class='ocrx_word' id='word_1_153' title='bbox 1168 1409 1360 1446; x_wconf 88' lang='lat' dir='ltr'>stomachi</span> 
     </span>
     <span class='ocr_line' id='line_1_29' title="bbox 182 1462 1360 1512; baseline -0.002 -12"><span class='ocrx_word' id='word_1_154' title='bbox 182 1463 473 1507; x_wconf 88' lang='lat' dir='ltr'>dissolutiones,</span> <span class='ocrx_word' id='word_1_155' title='bbox 489 1463 683 1500; x_wconf 81' lang='lat' dir='ltr'>tardiores</span> <span class='ocrx_word' id='word_1_156' title='bbox 699 1465 868 1499; x_wconf 80' lang='lat' dir='ltr'>vomitus</span> <span class='ocrx_word' id='word_1_157' title='bbox 886 1468 955 1499; x_wconf 92' lang='lat' dir='ltr'>aut</span> <span class='ocrx_word' id='word_1_158' title='bbox 970 1462 1180 1512; x_wconf 83' lang='lat' dir='ltr'>longiores,</span> <span class='ocrx_word' id='word_1_159' title='bbox 1197 1465 1360 1512; x_wconf 84' lang='lat' dir='ltr'>exiguos</span> 
     </span>
     <span class='ocr_line' id='line_1_30' title="bbox 184 1515 1361 1565; baseline -0.001 -12"><span class='ocrx_word' id='word_1_160' title='bbox 184 1522 254 1553; x_wconf 87' lang='lat' dir='ltr'>aut</span> <span class='ocrx_word' id='word_1_161' title='bbox 274 1519 426 1553; x_wconf 88' lang='lat' dir='ltr'>nimios.</span> <span class='ocrx_word' id='word_1_162' title='bbox 481 1519 628 1565; x_wconf 89' lang='lat' dir='ltr'>quippe</span> <span class='ocrx_word' id='word_1_163' title='bbox 651 1515 727 1552; x_wconf 89' lang='lat' dir='ltr'>alia</span> <span class='ocrx_word' id='word_1_164' title='bbox 748 1515 843 1552; x_wconf 91' lang='lat' dir='ltr'>dare</span> <span class='ocrx_word' id='word_1_165' title='bbox 865 1516 969 1552; x_wconf 90' lang='lat' dir='ltr'>soliti</span> <span class='ocrx_word' id='word_1_166' title='bbox 991 1529 1093 1565; x_wconf 89' lang='lat' dir='ltr'>quae</span> <span class='ocrx_word' id='word_1_167' title='bbox 1115 1518 1361 1552; x_wconf 76' lang='lat' dir='ltr'>concitarent</span> 
     </span>
     <span class='ocr_line' id='line_1_31' title="bbox 182 1568 1361 1618; baseline -0.002 -12"><span class='ocrx_word' id='word_1_168' title='bbox 182 1572 417 1606; x_wconf 78' lang='lat' dir='ltr'>vomitiones</span> <span class='ocrx_word' id='word_1_169' title='bbox 443 1571 653 1618; x_wconf 91' lang='lat' dir='ltr'>ipsumque</span> <span class='ocrx_word' id='word_1_170' title='bbox 678 1568 927 1605; x_wconf 86' lang='lat' dir='ltr'>helleborum</span> <span class='ocrx_word' id='word_1_171' title='bbox 954 1568 1164 1605; x_wconf 83' lang='lat' dir='ltr'>extrahere</span> <span class='ocrx_word' id='word_1_172' title='bbox 1190 1569 1361 1605; x_wconf 87' lang='lat' dir='ltr'>medica-</span> 
     </span>
     <span class='ocr_line' id='line_1_32' title="bbox 183 1622 1360 1673; baseline -0.002 -14"><span class='ocrx_word' id='word_1_173' title='bbox 183 1625 327 1659; x_wconf 88' lang='lat' dir='ltr'>mentis</span> <span class='ocrx_word' id='word_1_174' title='bbox 351 1628 420 1659; x_wconf 89' lang='lat' dir='ltr'>aut</span> <span class='ocrx_word' id='word_1_175' title='bbox 442 1622 692 1673; x_wconf 78' lang='lat' dir='ltr'>clysteribus,</span> <span class='ocrx_word' id='word_1_176' title='bbox 714 1624 870 1671; x_wconf 86' lang='lat' dir='ltr'>saepius</span> <span class='ocrx_word' id='word_1_177' title='bbox 894 1624 1016 1658; x_wconf 87' lang='lat' dir='ltr'>etiam</span> <span class='ocrx_word' id='word_1_178' title='bbox 1037 1624 1230 1671; x_wconf 81' lang='lat' dir='ltr'>sanguine</span> <span class='ocrx_word' id='word_1_179' title='bbox 1252 1624 1360 1658; x_wconf 85' lang='lat' dir='ltr'>venis</span> 
     </span>
     <span class='ocr_line' id='line_1_33' title="bbox 184 1674 1359 1725; baseline -0.001 -13"><span class='ocrx_word' id='word_1_180' title='bbox 184 1678 336 1713; x_wconf 88' lang='lat' dir='ltr'>emisso.</span> <span class='ocrx_word' id='word_1_181' title='bbox 391 1678 470 1712; x_wconf 90' lang='lat' dir='ltr'>iam</span> <span class='ocrx_word' id='word_1_182' title='bbox 501 1689 593 1712; x_wconf 85' lang='lat' dir='ltr'>vero</span> <span class='ocrx_word' id='word_1_183' title='bbox 624 1681 666 1712; x_wconf 91' lang='lat' dir='ltr'>et</span> <span class='ocrx_word' id='word_1_184' title='bbox 696 1688 786 1711; x_wconf 89' lang='lat' dir='ltr'>cum</span> <span class='ocrx_word' id='word_1_185' title='bbox 817 1688 1003 1725; x_wconf 88' lang='lat' dir='ltr'>prospere</span> <span class='ocrx_word' id='word_1_186' title='bbox 1033 1675 1164 1718; x_wconf 90' lang='lat' dir='ltr'>cedat,</span> <span class='ocrx_word' id='word_1_187' title='bbox 1195 1674 1359 1712; x_wconf 85' lang='lat' dir='ltr'>terribili</span> 
     </span>
    </p>
   </div>
   <div class='ocr_carea' id='block_1_7' title="bbox 488 1861 1161 1945">
    <p class='ocr_par' dir='ltr' id='par_1_9' title="bbox 488 1861 1161 1945">
     <span class='ocr_line' id='line_1_34' title="bbox 491 1861 1161 1902; baseline 0 -10"><span class='ocrx_word' id='word_1_188' title='bbox 491 1866 505 1880; x_wconf 81' lang='lat'>‘²</span> <span class='ocrx_word' id='word_1_189' title='bbox 528 1862 634 1893; x_wconf 79' lang='lat' dir='ltr'>Black</span> <span class='ocrx_word' id='word_1_190' title='bbox 652 1872 690 1893; x_wconf 89' lang='lat' dir='ltr'>or</span> <span class='ocrx_word' id='word_1_191' title='bbox 706 1863 840 1902; x_wconf 82' lang='lat' dir='ltr'>impure</span> <span class='ocrx_word' id='word_1_192' title='bbox 858 1861 957 1892; x_wconf 79' lang='lat' dir='ltr'>oxide</span> <span class='ocrx_word' id='word_1_193' title='bbox 975 1861 1014 1892; x_wconf 81' lang='lat' dir='ltr'>of</span> <span class='ocrx_word' id='word_1_194' title='bbox 1027 1871 1161 1902; x_wconf 85' lang='lat' dir='ltr'>copper.</span> 
     </span>
     <span class='ocr_line' id='line_1_35' title="bbox 488 1903 921 1945; baseline -0.002 -10"><span class='ocrx_word' id='word_1_195' title='bbox 488 1903 500 1922; x_wconf 78' lang='lat'>‘³</span> <span class='ocrx_word' id='word_1_196' title='bbox 522 1904 723 1945; x_wconf 81' lang='lat' dir='ltr'>Disulphide</span> <span class='ocrx_word' id='word_1_197' title='bbox 736 1904 775 1935; x_wconf 81' lang='lat' dir='ltr'>of</span> <span class='ocrx_word' id='word_1_198' title='bbox 783 1905 921 1935; x_wconf 85' lang='lat' dir='ltr'>arsenio.</span> 
     </span>
    </p>
   </div>
   <div class='ocr_carea' id='block_1_8' title="bbox 490 1947 1055 2031">
    <p class='ocr_par' dir='ltr' id='par_1_10' title="bbox 490 1947 1055 2031">
     <span class='ocr_line' id='line_1_36' title="bbox 490 1947 833 1987; baseline 0 -9"><span class='ocrx_word' id='word_1_199' title='bbox 490 1952 501 1966; x_wconf 79' lang='lat'><strong><em>⁶</em></strong></span> <span class='ocrx_word' id='word_1_200' title='bbox 524 1947 585 1978; x_wconf 87' lang='lat' dir='ltr'>See</span> <span class='ocrx_word' id='word_1_201' title='bbox 602 1947 733 1978; x_wconf 84' lang='lat' dir='ltr'><strong>XXIV.</strong></span> <span class='ocrx_word' id='word_1_202' title='bbox 751 1949 765 1987; x_wconf 66' lang='grc' dir='ltr'><strong>ξ</strong></span> <span class='ocrx_word' id='word_1_203' title='bbox 784 1948 833 1978; x_wconf 87' lang='grc'>19.</span> 
     </span>
     <span class='ocr_line' id='line_1_37' title="bbox 490 1989 1055 2031; baseline -0.004 -9"><span class='ocrx_word' id='word_1_204' title='bbox 490 1989 505 2009; x_wconf 74' lang='lat'>‘²</span> <span class='ocrx_word' id='word_1_205' title='bbox 529 1990 575 2022; x_wconf 92' lang='lat' dir='ltr'>Or</span> <span class='ocrx_word' id='word_1_206' title='bbox 590 1990 741 2031; x_wconf 79' lang='lat' dir='ltr'>possibly</span> <span class='ocrx_word' id='word_1_207' title='bbox 756 2002 762 2021; x_wconf 91' lang='lat'>:</span> <span class='ocrx_word' id='word_1_208' title='bbox 794 1989 813 2001; x_wconf 71' lang='lat'>‘⁶</span> <span class='ocrx_word' id='word_1_209' title='bbox 828 2000 910 2031; x_wconf 85' lang='lat' dir='ltr'>very</span> <span class='ocrx_word' id='word_1_210' title='bbox 927 1989 1055 2021; x_wconf 81' lang='lat' dir='ltr'>often.’&#39;</span> 
     </span>
    </p>
   </div>
   <div class='ocr_carea' id='block_1_9' title="bbox 186 2060 253 2106">
    <p class='ocr_par' dir='ltr' id='par_1_11' title="bbox 186 2060 253 2106">
     <span class='ocr_line' id='line_1_38' title="bbox 186 2060 253 2106; baseline -0.045 -7"><span class='ocrx_word' id='word_1_211' title='bbox 186 2060 253 2106; x_wconf 91' lang='lat'>176</span> 
     </span>
    </p>
   </div>
  </div>
 </body>
</html>
