1459 2288
385 212 580 250 PLINY:
626 213 888 251 NATURAL
922 213 1158 251 HISTORY

185 320 422 366 mirumque,
438 318 615 354 exitialia
628 331 700 367 per
713 331 754 354 se
770 319 887 354 ambo
901 331 990 354 cum
1005 321 1097 361 sint,
1111 318 1191 354 duo
1206 331 1360 354 venena

147 384 223 417 6in
255 381 414 417 homine
446 384 744 418 conmoriuntur
775 387 820 418 ut
851 381 969 418 homo
1001 384 1183 431 supersit.
1239 385 1359 418 immo

186 458 277 481 vero
316 448 438 482 etiam
476 444 649 482 ferarum
686 445 865 482 remedia
903 448 1056 495 antiqui
1096 445 1359 495 prodiderunt

184 509 495 546 demonstrando
519 510 717 559 quomodo
740 515 938 546 venenata
961 522 1119 559 quoque
1142 512 1227 559 ipsa
1249 523 1360 546 sana-

185 579 332 610 rentur.
388 580 620 623 torpescunt
639 576 862 623 scorpiones
883 576 1028 610 aconiti
1048 579 1159 610 tactu
1179 579 1360 623 stupent-

185 650 261 686 que
286 637 482 687 pallentes
507 644 549 674 et
568 641 669 674 vinci
693 651 734 674 se
756 637 1009 674 confitentur.
1069 637 1282 674 auxiliatur
1301 637 1360 673 his

183 700 430 738 helleborum
457 701 590 738 album
616 708 727 738 tactu
754 702 992 744 resolvente,
1019 702 1206 751 ceditque
1233 704 1360 738 aconi-

183 771 270 801 tum
303 765 457 802 duobus
491 766 619 809 malis,
653 779 723 802 suo
757 772 798 802 et
832 769 1019 802 omnium.
1075 779 1177 815 quae
1211 768 1241 802 si
1275 768 1360 815 quis

184 829 264 865 ulla
305 828 408 866 forte
450 831 500 866 ab
541 830 703 866 homine
746 833 959 879 excogitari
1004 832 1179 879 potuisse
1221 829 1360 873 credit,

145 898 163 927 7
183 896 338 943 ingrate
368 893 533 930 deorum
562 907 728 930 munera
756 894 968 943 intellegit.
1024 900 1197 944 tangunt
1225 907 1360 931 carnes

184 960 340 994 aconito
377 964 607 1007 necantque
644 964 810 1007 gustatu
849 971 985 995 earum
1023 957 1251 1007 pantheras,
1288 961 1359 994 nisi

183 1021 255 1058 hoc
298 1021 425 1065 fieret,
468 1022 689 1071 repleturas
731 1022 818 1058 illos
860 1025 970 1058 situs.
1025 1023 1076 1058 ob
1116 1022 1155 1058 id
1198 1022 1358 1071 quidam

183 1085 481 1135 pardalianches
516 1086 780 1135 appellavere.
842 1092 883 1123 at
915 1086 1002 1122 illas
1036 1088 1170 1122 statim
1204 1086 1359 1122 liberari

183 1155 310 1186 morte
333 1156 678 1186 excrementorum
698 1150 866 1186 hominis
889 1156 1008 1200 gustu
1030 1150 1358 1187 demonstratum.

184 1214 289 1263 quod
317 1220 425 1251 certe
454 1227 545 1250 casu
573 1221 777 1264 repertum
805 1217 891 1264 quis
919 1214 1080 1250 dubitet
1108 1220 1150 1250 et
1178 1217 1360 1263 quotiens

185 1278 254 1314 fiat
271 1281 392 1314 etiam
408 1292 512 1314 nunc
530 1285 574 1315 ut
590 1292 735 1314 novum
749 1281 870 1322 nasci,
887 1281 1073 1328 quoniam
1089 1277 1181 1314 feris
1200 1281 1301 1314 ratio
1319 1285 1359 1315 et

144 1346 273 1378 Susus
311 1345 415 1379 inter
452 1355 494 1379 se
532 1342 635 1379 tradi
674 1356 751 1379 non
790 1343 942 1392 possit?
1004 1342 1065 1378 hic
1105 1355 1199 1391 ergo
1236 1356 1360 1385 casus,

182 1406 243 1442 hic
262 1412 321 1443 est
337 1406 404 1443 ille
422 1409 488 1456 qui
506 1406 674 1456 plurima
690 1409 729 1442 in
747 1409 829 1443 vita
844 1409 995 1443 invenit
1013 1406 1123 1449 deus,
1140 1406 1214 1442 hoc
1237 1406 1359 1443 habet

184 1483 328 1507 nomen
349 1484 418 1520 per
438 1484 557 1520 quem
576 1470 827 1520 intellegitur
846 1470 986 1507 eadem
1008 1477 1050 1507 et
1069 1483 1210 1520 parens
1230 1483 1361 1507 rerum

183 1537 359 1571 omnium
387 1541 429 1571 et
455 1534 675 1584 magistra,1
703 1541 874 1584 utraque
901 1537 1128 1571 coniectura
1155 1537 1253 1583 pari,
1280 1537 1360 1571 sive

183 1601 258 1635 ista
274 1598 420 1635 cotidie
437 1598 539 1635 feras
554 1601 732 1635 invenire
748 1601 829 1635 sive
845 1611 1002 1648 semper
1016 1601 1113 1635 scire
1129 1598 1359 1634 iudicemus.

183 1662 496 1712 pudendumque
518 1676 650 1699 rursus
674 1665 806 1699 omnia
828 1662 1013 1699 animalia
1035 1675 1136 1712 quae
1160 1665 1238 1699 sint
1261 1662 1361 1699 salu-

145 1730 164 1761 9
184 1729 286 1763 taria
326 1730 418 1776 ipsis
459 1740 574 1764 nosse
615 1734 776 1776 praeter
815 1726 1028 1763 hominem.
1083 1726 1153 1763 sed
1194 1729 1360 1763 maiores

303 1812 315 1832 ¹
339 1812 402 1844 hoc
417 1812 522 1844 habet
546 1837 553 1844 .
580 1837 588 1844 .
614 1837 622 1844 .
646 1813 810 1853 magistra
825 1812 862 1843 in
874 1812 1064 1852 parenthesi
1080 1811 1243 1852 Mayhoff.

225 1950 239 1965 ⁶
262 1946 411 1987 Perhaps
432 1944 662 1986 “poisoned''

227 1989 240 2009 ⁶
263 1990 360 2021 After
389 1999 504 2021 carnes
532 1988 689 2030 Mayhoff
716 1988 829 2020 would
858 1988 981 2030 supply
1012 1988 1172 2029 Hyrcani,
1204 1988 1272 2020 and
1301 1988 1360 2020 the

182 2043 283 2064 name
301 2032 340 2063 of
354 2043 374 2063 a
392 2032 512 2073 people
530 2042 639 2063 seems
658 2031 804 2063 omitted
824 2031 980 2072 (because
999 2031 1038 2063 of
1053 2031 1127 2063 illos
1144 2032 1229 2063 situs
1247 2034 1283 2063 at
1301 2031 1360 2063 the

181 2075 248 2107 end
263 2075 303 2106 of
313 2074 372 2106 the
387 2078 571 2115 sentence).

181 2148 250 2184 392
