1459 2288
366 171 560 208 PLINY:
607 171 870 208 NATURAL
904 171 1139 208 HISTORY

163 287 300 310 nomas
314 276 459 309 sistunt
472 272 640 309 decocta
654 271 747 308 folia
763 285 899 308 earum
913 272 927 295 1
943 275 983 308 in
1000 286 1103 321 aqua
1120 279 1162 310 et
1174 279 1315 322 postea
1329 274 1344 296 2

163 330 259 364 trita
282 339 441 363 rosaceo
469 325 617 362 addito.
669 325 739 362 sed
765 339 888 362 unum
917 326 1149 362 miraculum
1178 329 1343 377 ingens3

164 386 347 417 contacto
377 378 542 428 genitali
570 381 760 428 cuiusque
787 377 966 415 feminini
994 392 1112 416 sexus
1139 380 1284 416 animal
1304 383 1343 417 in

165 435 380 482 perniciem
406 435 481 481 agi.

74 492 134 522 152
211 486 328 522 XCV.
361 485 672 535 Myriophyllon,
687 485 793 534 quod
811 488 935 522 nostri
949 485 1172 522 milifolium
1186 493 1343 531 vocant,

162 539 282 576 caulis
303 544 364 575 est
382 541 525 581 teneri,
545 538 680 575 similis
700 538 884 582 feniculo,
904 538 1081 588 plurimis
1100 538 1217 583 foliis,
1236 540 1342 577 unde

163 599 205 629 et
226 605 371 629 nomen
392 594 558 640 accepit.
614 594 789 628 nascitur
808 594 848 627 in
869 592 1123 641 palustribus,
1144 593 1342 643 magnifici

163 659 255 682 usus
280 645 330 682 ad
356 645 518 681 vulnera
542 658 632 681 cum
658 651 784 681 aceto.
839 646 990 682 bibitur
1015 645 1065 682 ad
1089 646 1343 683 difficultates

163 702 299 735 urinae
335 704 376 734 et
410 701 563 734 vesicae
599 704 669 734 aut
703 701 870 747 suspiria
904 701 1257 748 praecipitatisque
1293 713 1342 737 ex

164 752 256 788 alto.
313 751 453 788 eadem
510 751 778 788 efficacissima
833 752 883 788 ad
938 752 1144 789 dentium?
1175 753 1340 790 dolores.

164 806 323 842 Etruria
337 805 410 841 hoc
424 807 584 841 nomine
600 805 776 854 appellat
790 804 956 841 herbam
970 808 1010 841 in
1024 808 1148 854 pratis
1163 812 1343 850 tenuem,

164 872 186 895 a
212 859 402 895 lateribus
429 858 697 907 capillamenti
724 858 843 895 modo
869 857 1063 902 foliosam,
1090 862 1224 896 eximii
1250 873 1343 897 usus

164 912 212 948 ad
236 911 411 955 vulnera,
433 912 555 947 bourn
578 925 717 948 nervos
740 912 911 948 abscisos
933 925 1093 948 vomere
1116 912 1273 949 solidari
1296 926 1343 950 ea

163 978 374 1014 rursusque
389 967 499 1014 iungi
514 964 651 1001 addita
666 967 840 1014 axungia
855 965 1078 1001 adfirmans.

72 1024 130 1055 153
207 1018 348 1054 XCVI.
378 1016 685 1054 Pseudobunion
724 1021 817 1067 napi
855 1017 948 1055 folia
980 1018 1117 1062 habet,
1152 1018 1342 1057 fruticans

163 1072 283 1121 palmi
333 1071 559 1114 altitudine,
608 1071 881 1108 laudatissima
930 1074 969 1107 in
1018 1072 1150 1109 Creta.
1205 1079 1343 1110 contra

162 1127 347 1167 tormina,
398 1127 664 1174 stranguriam
715 1124 885 1161 laterum
937 1126 1339 1175 praecordiorumque

162 1178 316 1215 dolores
336 1179 529 1214 bibuntur
549 1181 647 1214 rami
669 1181 752 1214 eius
774 1181 884 1227 quini
906 1181 1052 1215 senive.

74 1238 131 1268 154
207 1231 369 1268 XCVII.
401 1231 560 1281 Myrris,
596 1244 715 1280 quam
751 1231 814 1268 alii
849 1234 1058 1281 myrrizan,
1089 1232 1153 1268 alii
1182 1247 1342 1283 myrran

162 1291 317 1328 vocant,
342 1284 538 1320 simillima
562 1290 623 1321 est
646 1287 800 1321 cicutae
824 1285 935 1321 caule
959 1284 1143 1335 foliisque
1167 1291 1210 1322 et
1232 1286 1341 1330 flore,

163 1341 289 1374 minor
324 1344 484 1374 tanturn
521 1344 562 1374 et
599 1338 752 1381 exilior,
788 1339 875 1375 cibo
912 1352 990 1375 non
1025 1341 1208 1376 insuavis.
1263 1342 1343 1376 ciet

163 1397 367 1428 menstrua
389 1397 430 1427 et
452 1397 588 1440 partus
610 1405 699 1427 cum
722 1394 823 1428 vino.
879 1394 992 1428 aiunt
1014 1392 1183 1429 eandem
1205 1399 1341 1442 potam

162 1447 202 1481 in
224 1444 453 1494 pestilentia
474 1444 688 1481 salutarem
713 1458 810 1481 esse.
866 1446 1051 1482 subvenit
1074 1451 1116 1482 et
1136 1445 1342 1495 phthisicis

161 1501 199 1534 in
248 1499 462 1534 sorbitione
510 1498 617 1534 data.
684 1498 919 1534 aviditatem
967 1499 1042 1535 cibi
1083 1498 1192 1542 facit,
1231 1499 1341 1549 phal-

162 1553 368 1600 angiorum
422 1565 574 1588 morsus
621 1554 846 1601 restinguit.
912 1551 1044 1588 ulcera
1092 1566 1252 1602 quoque
1300 1556 1340 1589 in

211 1628 221 1646 ¹
247 1628 387 1659 decocta
407 1628 489 1659 folia
512 1639 629 1659 earum
651 1628 759 1669 Silli9‚
782 1633 838 1659 vet.
866 1629 933 1660 lect.
954 1629 1051 1660 Dal.:
1072 1629 1213 1660 decocto
1224 1641 1340 1661 earum

165 1670 325 1711 Dellefsen
340 1684 346 1702 :
371 1671 471 1702 inlitu
488 1671 705 1702 decoctarum
722 1682 760 1702 ex
775 1672 964 1703 Dioscorida
981 1672 1143 1712 JIayhoff.

167 1714 365 1797 Mezzyljzgz'oea
387 1715 485 1753 trita]
509 1724 611 1755 posca
633 1715 794 1746 tritarum
818 1714 999 1755 Detlefsen:
1038 1720 1158 1756 postea
1181 1717 1339 1746 tritarum

201 1906 215 1920 ‘²
238 1902 319 1932 This
342 1902 484 1942 chapter
507 1902 535 1933 is
559 1902 625 1933 like
649 1902 863 1933 Dioscorides
887 1903 923 1934 II
952 1904 1022 1939 168,
1048 1903 1158 1934 where
1183 1903 1339 1934 however

158 1943 310 1985 ἀρίσαρον
328 1945 355 1975 is
371 1945 430 1975 the
446 1955 547 1976 name
564 1945 603 1976 of
614 1945 674 1976 the
692 1946 789 1985 plant
806 1945 991 1976 dismissed.
1042 1945 1113 1977 One
1131 1950 1292 1977 sentence
1309 1946 1336 1976 is

159 1997 241 2027 very
258 1987 498 2020 informative:
532 1988 651 2028 φθείρει
669 1988 704 2020 δὲ
720 1989 773 2020 καὶ
794 1988 913 2020 αἰδοῖον
933 1988 1051 2021 παντὸς
1074 1989 1157 2028 ζῴου
1177 1988 1338 2020 ἐντεθεῖσα

160 2030 180 2071 ἡ
195 2029 279 2070 ῥίζα.

165 2092 231 2127 108
