1459 2288
104 458 162 488 127

105 830 165 862 128

381 189 578 226 PLINY:
624 188 888 225 NATURAL
922 187 1160 224 HISTORY

231 293 341 330 CIII.
372 291 626 342 Polyrrhizon
641 290 736 327 folia
748 290 872 327 habet
885 293 1020 340 myrti,
1034 290 1185 327 radices
1199 289 1358 327 multas.

181 347 256 383 hae
277 353 391 383 tusae
411 345 558 382 dantur
579 358 600 381 e
621 347 711 381 vino
731 350 869 381 contra
889 350 1110 393 serpentes,
1130 350 1297 393 prosunt
1318 349 1360 380 et

186 399 508 449 quadripedibus.

235 453 336 489 CIV.
366 451 649 500 Proserpinaca
701 450 826 487 herba
877 449 1048 499 vulgaris
1099 455 1174 493 est,
1226 452 1359 486 eximii

182 506 369 542 adversus
387 507 611 554 scorpiones
630 503 808 540 remedii.
863 503 1005 539 eadem
1022 505 1207 546 contrita,
1225 502 1364 539 addita

184 562 311 595 muria
351 565 393 596 et
433 558 521 595 oleo
562 571 584 594 e
623 557 781 600 menis,l
822 559 1010 606 anginam
1051 558 1195 593 eximie
1235 558 1361 592 curari

185 613 366 656 tradunt,
410 617 623 661 praeterea
667 616 709 647 et
751 613 792 646 in
836 609 1088 659 quantalibet
1131 609 1363 646 lassitudine

184 668 351 702 recreari
382 664 573 708 defessos,
605 666 729 700 etiam
758 676 849 699 cum
879 663 1167 706 obmutuerint,
1197 665 1228 698 si
1259 662 1364 698 subi-

184 722 311 756 ciatur
357 718 539 768 linguae;
598 720 628 753 si
675 717 902 760 devoretur,
948 718 1206 752 vomitionem
1251 718 1363 765 sequi

184 772 412 809 salutarem.

236 825 314 862 CV.
344 824 546 861 Rhecoma
568 823 750 860 adfertur
772 836 821 859 ex
843 822 902 859 his
926 835 1030 871 quae
1053 835 1171 871 supra
1193 820 1365 858 Pontum

184 885 277 916 sunt
300 878 540 928 regionibus,
595 877 707 913 radix
731 882 841 913 costo
864 878 977 925 nigro
1000 875 1150 918 similis,
1173 877 1300 911 minor
1323 880 1366 911 et

184 932 302 969 rufior
326 931 457 981 paulo,
482 933 565 967 sine
591 930 725 973 odore,
750 928 961 966 calfaciens
985 935 1105 978 gustu
1131 934 1173 965 et
1197 928 1365 964 adstrin-

184 999 293 1035 gens.
350 984 491 1021 eadem
522 986 619 1020 trita
650 986 728 1019 vini
759 983 931 1019 colorem
962 981 1096 1018 reddit
1127 981 1177 1018 ad
1208 994 1365 1018 crocum

183 1039 453 1075 inclinantem.
508 1037 622 1073 inlita
659 1036 914 1073 collectiones
951 1034 1365 1084 inflammationesque

184 1092 312 1135 sedat,
344 1091 508 1127 vulnera
538 1096 666 1133 sanat,
698 1089 906 1139 epiphoras
937 1088 1140 1125 oculorum
1170 1087 1285 1124 sedat
1315 1101 1364 1124 ex

184 1159 312 1196 passo,
337 1147 525 1194 insignita
549 1157 638 1180 cum
664 1143 782 1179 melle
808 1149 850 1179 et
875 1142 951 1178 alia
973 1141 1138 1178 liventia
1163 1154 1211 1178 ex
1237 1147 1364 1178 aceto.

105 1204 165 1235 129
185 1198 311 1236 farina
332 1201 414 1235 eius
435 1200 677 1246 inspergitur
697 1202 835 1233 contra
855 1195 1045 1232 cacoethe
1067 1201 1109 1232 et
1129 1197 1364 1244 sanguinem

184 1252 438 1289 reicientibus
465 1250 676 1287 drachmae
703 1249 879 1299 pondere
906 1252 945 1285 in
971 1262 1088 1297 aqua,
1114 1248 1363 1298 dysintericis

185 1308 308 1342 etiam
329 1311 370 1341 et
390 1304 584 1347 coeliacis,
604 1306 635 1340 si
656 1302 756 1339 febri
776 1308 952 1345 careant,
972 1304 1012 1338 in
1033 1304 1136 1344 vino,
1156 1304 1215 1337 sin
1235 1301 1364 1344 aliter,

186 1372 235 1396 ex
264 1371 379 1407 aqua.
435 1356 587 1394 facilius
616 1359 760 1393 teritur
788 1362 904 1392 nocte
933 1354 1202 1392 antecedente
1229 1353 1365 1391 made-

186 1411 304 1449 facta.
359 1411 478 1448 datur
515 1416 556 1447 et
593 1410 803 1446 decoctum
840 1411 924 1445 eius
960 1408 1181 1445 bibendum
1217 1407 1365 1456 duplici

186 1478 371 1502 mensura
408 1464 457 1500 ad
494 1469 624 1513 rupta,
661 1462 859 1505 convolsa,
896 1464 1084 1504 contusis,
1122 1475 1171 1498 ex
1207 1460 1365 1498 sublimi

105 1524 165 1554 130
185 1518 392 1555 devolutis.
448 1520 478 1553 si
511 1519 681 1566 pectoris
714 1519 792 1552 sint
824 1515 993 1558 dolores,
1025 1514 1188 1552 additur
1220 1516 1365 1563 piperis

186 1571 335 1621 aliquid
361 1577 402 1608 et
428 1584 598 1613 murrae,
625 1573 655 1606 si
682 1569 888 1606 dissolutio
914 1568 1120 1611 stomachi,
1147 1581 1196 1604 ex
1223 1566 1367 1617 frigida

187 1639 290 1675 aqua
322 1627 504 1667 sumitur,
535 1627 589 1660 sic
621 1629 663 1660 et
695 1625 734 1659 in
766 1625 864 1659 tussi
897 1628 1033 1658 vetere
1066 1634 1110 1658 ac
1142 1620 1365 1670 purulentis

187 1678 518 1721 excreationibus,
546 1679 644 1713 item
672 1675 879 1725 hepaticis,
907 1675 1104 1724 splenicis,
1132 1673 1365 1716 ischiadicis,

187 1731 267 1769 ad²
304 1734 458 1768 renium
495 1733 604 1773 vitia,
641 1732 820 1779 suspiria,
858 1728 1134 1777 orthopnoeas.
1191 1729 1362 1764 arteriae

240 1825 250 1843 ¹
274 1828 309 1856 et
324 1824 397 1856 oleo
412 1835 429 1855 e
445 1824 552 1855 menis
567 1823 624 1854 hoc
639 1822 753 1854 ordine
767 1821 857 1853 codd.
871 1834 878 1853 ;
907 1832 924 1853 e
940 1821 1048 1852 menis
1063 1824 1098 1852 et
1113 1820 1186 1851 oleo
1201 1820 1242 1851 M
1243 1819 1364 1860 ayhoff.

237 1869 250 1887 ²
273 1868 318 1899 ad
339 1867 428 1898 codd.
446 1879 452 1898 :
481 1870 518 1897 at
539 1865 701 1906 Mayh0ff‚
721 1865 777 1905 qui
795 1868 871 1905 post
888 1864 1080 1896 ischiad1'cis
1099 1866 1273 1904 punctum,
1290 1865 1366 1903 post

193 1910 422 1951 orthopnoeas
443 1919 571 1940 comma
588 1909 694 1949 ponit.

328 2066 341 2079 ‘²
364 2060 548 2102 Mayhoff’s
566 2061 705 2101 reading
720 2072 727 2091 ε
762 2058 780 2070 “
797 2057 841 2090 oil
858 2059 925 2090 and
944 2056 1202 2100 sprats-brine.”

186 2124 256 2169 468
