1459 2288
356 118 548 156 PLINY:
593 118 856 156 NATURAL
890 117 1125 155 HISTORY

149 223 254 258 utilis
282 226 386 258 inter
413 234 552 270 pauca,
580 221 672 257 lieni
700 233 859 270 quoque
887 233 931 256 ac
958 223 1130 256 iocineri.
1186 220 1327 257 eadem

150 281 244 325 pota
263 275 413 311 denarii
433 277 548 310 unius
567 274 743 323 pondere
763 286 811 310 ex
832 286 936 322 aqua
953 273 1081 310 mulsa
1098 276 1326 322 suspiriosos

150 334 278 371 sanat,
298 330 351 364 sic
371 333 412 364 et
429 327 656 376 pleuriticos
676 333 718 363 et
735 340 872 363 omnes
890 327 1024 363 lateris
1043 326 1209 363 dolores.

82 388 124 418 98
200 382 381 430 Apocyni
402 393 539 416 semen
561 394 610 416 ex
631 379 922 429 aqua—frutex
943 385 1005 416 est
1024 378 1117 416 folio
1136 379 1325 423 hederae,

149 434 324 470 molliore
362 439 512 477 tamen,
551 439 592 470 et
628 436 756 469 minus
792 433 920 483 longis
957 433 1139 476 viticulis,
1176 435 1327 469 semine

150 494 280 530 acuto,
325 487 461 530 diviso,
506 487 753 537 lanuginoso,
796 489 905 536 gravi
950 486 1242 523 odore—canes
1287 492 1329 523 et

149 553 286 577 omnes
309 540 573 589 quadripedes
595 545 713 576 necat
734 542 774 575 in
795 540 882 576 cibo
904 539 1055 576 datum.

81 601 122 630 99
202 593 307 629 LIX.
338 593 529 630 Dictum1
550 595 809 629 rosmarinum
832 598 904 629 est.
954 592 1033 629 duo
1053 605 1202 642 genera
1223 594 1327 628 eius:

150 646 320 682 alterum
362 647 510 689 sterile,
551 646 722 682 alterum
762 648 824 682 cui
865 652 906 682 et
947 646 1067 682 caulis
1109 651 1150 682 et
1190 658 1327 682 semen

149 702 408 743 resinaceum,
431 699 538 748 quod
560 699 722 750 cachrys
744 705 919 736 vocatur.
974 698 1074 735 foliis
1097 699 1194 735 odor
1214 701 1326 735 turis.

149 753 261 789 radix
292 752 455 789 vulnera
486 759 601 789 sanat
632 752 763 789 viridis
793 755 965 801 inposita
997 757 1038 788 et
1069 752 1173 788 sedis
1203 754 1327 801 proci-

149 806 299 849 dentia,
317 806 611 856 condylomata,
628 805 965 848 haemorrhoidas,
983 818 1098 842 sucus
1117 810 1159 842 et
1175 804 1327 842 fruticis

151 865 191 895 et
223 859 361 895 radicis
392 860 574 895 morbum
604 862 759 908 regium
791 865 834 895 et
864 872 911 895 ea
942 872 1045 908 quae
1075 858 1329 908 repurganda

63 919 123 949 100
149 918 253 948 sunt.
309 912 510 949 oculorum
545 915 670 948 aciem
706 914 876 948 exacuit.
932 925 1070 948 semen
1105 912 1156 948 ad
1189 917 1328 948 vetera

150 968 319 1015 pectoris
345 968 442 1002 vitia
467 966 586 1002 datur
610 968 723 1015 potui
750 971 791 1002 et
817 965 868 1002 ad
893 965 1028 1001 vulvas
1053 978 1144 1002 cum
1170 967 1259 1001 vino
1287 971 1328 1001 et

149 1021 300 1068 pipere,
317 1032 474 1055 menses
494 1019 669 1062 adiuvat,
687 1019 873 1069 podagris
890 1018 1068 1054 inlinitur
1085 1032 1175 1054 cum
1194 1021 1329 1054 aerina

150 1071 289 1115 farina,
308 1078 455 1122 purgat
474 1075 596 1108 etiam
614 1072 828 1122 lentigines
848 1077 890 1108 et
909 1084 1012 1121 quae
1033 1070 1329 1108 excalfacienda

150 1128 242 1167 sint,
270 1131 339 1161 aut
365 1138 454 1161 cum
480 1125 600 1162 sudor
626 1125 891 1175 quaerendus,
917 1125 1090 1168 inlitum,
1115 1127 1213 1161 item
1239 1138 1329 1161 con-

150 1178 279 1214 vulsis.
336 1184 457 1228 auget
490 1185 531 1215 et
562 1179 665 1215 lacte
696 1181 736 1215 in
767 1181 856 1215 vino
888 1184 1042 1228 potum,
1072 1181 1172 1214 item
1201 1177 1326 1214 radix.

149 1234 233 1280 ipsa
264 1231 388 1268 herba
420 1234 580 1268 strumis
613 1245 702 1268 cum
736 1237 850 1269 aceto
882 1231 1073 1275 inlinitur,
1106 1231 1157 1268 ad
1187 1233 1327 1268 tussim

150 1297 240 1321 cum
260 1285 377 1321 melle
396 1285 570 1334 prodest.

64 1343 120 1374 101
202 1337 285 1373 LX.
315 1337 487 1388 Cachrys
526 1338 655 1374 multa
693 1351 843 1388 genera
881 1337 1018 1381 habet,
1058 1343 1105 1374 ut
1143 1337 1326 1374 diximus.

150 1391 220 1427 sed
248 1390 345 1427 haec
372 1404 475 1440 quae
504 1404 552 1427 ex
581 1405 667 1428 rore
688 1405 806 1441 supra
826 1391 932 1428 dicto
956 1393 1144 1434 nascitur,
1164 1393 1196 1427 si
1217 1390 1329 1426 frice-

151 1450 228 1486 tur,
260 1447 433 1481 resinosa
465 1451 537 1481 est.
593 1445 826 1481 adversatur
856 1447 1018 1481 venenis
1050 1450 1092 1481 et
1122 1446 1328 1481 venenatis

150 1503 433 1547 praeterquam
483 1499 690 1548 anguibus.
745 1498 907 1535 sudores
956 1503 1104 1541 movet,
1154 1500 1327 1534 tormina

150 1550 326 1593 discutit,
346 1551 458 1588 lactis
479 1552 707 1588 ubertatem
729 1551 836 1588 facit.

206 1636 217 1654 ¹
241 1635 373 1667 dictum
389 1637 464 1667 add.
487 1636 618 1668 Urlichs
633 1650 639 1668 :
671 1641 743 1677 post
759 1637 988 1668 rosmarinum
1005 1642 1106 1668 trans.
1127 1635 1287 1676 Mayhoff.

191 1776 206 1790 ‘²
228 1772 288 1803 See
306 1773 404 1803 XIX.
423 1774 437 1811 ξ
458 1774 528 1804 187.

192 1814 204 1833 ¹²
227 1815 287 1846 See
304 1815 419 1846 Celsus
436 1815 494 1846 VI.
516 1817 565 1852 18,
584 1817 613 1846 8.

191 1862 201 1876 Ε
224 1859 284 1889 See
300 1858 394 1889 XVI.
411 1859 425 1897 ξ
441 1859 492 1895 30,
508 1858 618 1889 where
632 1858 691 1889 the
706 1858 847 1899 cachrys
860 1859 888 1889 is
901 1858 979 1889 said
991 1862 1029 1889 to
1044 1858 1085 1889 be
1099 1858 1158 1889 the
1172 1857 1279 1898 pilula
1293 1857 1332 1888 os

144 1899 202 1930 the
213 1901 290 1935 oak,
303 1900 352 1937 fir,
366 1901 470 1937 larch,
482 1901 577 1941 pitch
590 1903 680 1942 pino,
691 1901 819 1938 linden,
832 1905 896 1932 nut
909 1901 1083 1941 (chestnut
1095 1903 1123 1940 ?)
1135 1901 1204 1931 and
1215 1900 1326 1941 plane.

146 1942 245 1983 Pliny
265 1943 337 1973 also
358 1954 432 1974 uses
454 1944 511 1974 the
529 1944 621 1974 word
637 1944 690 1975 for
705 1944 764 1975 the
783 1944 920 1985 capsula
935 1944 975 1975 of
990 1954 1173 1984 rosemary.
1220 1943 1325 1974 Theo-

145 1985 306 2026 phrastus
317 1986 379 2017 IX.
396 1987 441 2017 xi.
458 1988 496 2018 10
509 1987 592 2018 calls
604 1987 707 2028 κάχρυ
721 1990 867 2027 (neuter)
880 1987 939 2018 the
949 1987 1033 2018 fruit
1045 1986 1085 2018 of
1092 1986 1151 2018 the
1161 1986 1324 2018 libanotis.

153 2057 193 2091 72
