1459 2288
82 470 120 500 37

81 727 121 757 38

80 1369 121 1400 39

350 171 544 208 PLINY:
590 171 852 208 NATURAL
886 171 1122 209 HISTORY

149 278 257 311 tione
294 274 399 311 facta
433 278 472 311 in
511 288 629 324 quam
669 278 802 311 vinum
841 275 933 311 addi
971 278 1167 312 convenit.
1225 278 1322 312 item

148 342 340 388 gentiana
367 338 594 375 madefacta
620 338 747 388 pridie
775 341 945 375 contrita
972 339 1122 375 denarii
1149 339 1323 388 pondere

149 405 188 438 in
212 405 291 438 vini
314 402 467 452 cyathis
490 403 628 439 tribus.

199 465 308 502 XXI.
340 466 470 502 Geum
498 465 692 502 radiculas
722 473 864 503 tenues
893 466 1016 503 habet
1046 469 1190 516 nigras,
1220 467 1323 504 bene

150 530 315 566 olentes.
370 530 556 567 medetur
582 543 661 566 non
688 530 806 566 modo
832 532 1002 580 pectoris
1029 530 1227 567 doloribus
1255 537 1324 567 aut

150 594 282 630 lateris
321 594 390 630 sed
429 600 471 631 et
508 594 727 631 cruditates
765 594 929 631 discutit
964 595 1136 631 iucundo
1173 608 1322 645 sapore.

151 659 371 694 verbenaca
399 671 491 695 vero
519 659 701 711 omnibus
730 659 941 695 visceribus
968 658 1166 702 medetur,
1194 659 1324 696 lateri-

148 723 236 766 bus,
260 722 526 772 pulmonibus,
562 723 809 766 iocineribus,
843 722 1017 766 thoraci;
1074 723 1324 772 peculiariter

147 793 282 823 autem
311 787 562 836 pulmonibus
593 793 633 824 et
662 800 758 836 quos
790 787 839 824 ab
868 786 926 823 his
955 786 1121 836 phthisis
1150 793 1325 837 temptet

147 851 259 888 radix
304 850 452 888 herbae
501 851 755 901 consiliginis,
797 865 916 901 quam
957 864 1082 901 nuper
1121 854 1325 888 inventam

148 915 331 952 diximus
387 929 502 952 suum
529 916 691 965 quidem
717 921 759 952 et
782 918 932 965 pecoris
956 918 1081 952 omnis
1104 916 1325 952 remedium

148 992 336 1029 praesens
361 986 421 1016 est
445 979 679 1029 pulmonum
704 983 799 1016 vitio
822 980 884 1016 vel
910 982 1077 1016 traiecta
1102 986 1261 1017 tantum
1283 983 1323 1016 in

153 1043 337 1080 auricula.
392 1044 474 1080 bibi
498 1044 621 1081 debet
643 1057 691 1080 ex
713 1057 816 1093 aqua
838 1044 1055 1094 haberique
1075 1047 1116 1080 in
1135 1057 1202 1081 ore
1223 1044 1324 1081 adsi-

148 1108 226 1145 due
259 1108 332 1144 sub
362 1108 513 1158 lingua.
571 1108 796 1158 superficies
828 1111 911 1145 eius
941 1108 1089 1145 herbae
1123 1122 1174 1145 an
1203 1111 1255 1145 sit
1284 1111 1324 1145 in

147 1172 280 1222 aliquo
318 1186 391 1208 usu
435 1172 566 1209 adhuc
603 1176 799 1209 incertum
838 1178 910 1210 est.
965 1173 1125 1210 renibus
1162 1173 1325 1223 prodest

146 1236 389 1286 plantaginis
409 1237 532 1280 cibus,
554 1239 779 1274 vettonicae
804 1243 936 1286 potus,
961 1239 1160 1286 agaricum
1183 1243 1323 1286 potum

147 1307 191 1337 ut
210 1303 250 1337 in
270 1303 379 1337 tussi.

200 1364 333 1401 XXII.
362 1364 562 1414 Tripolion
596 1368 636 1401 in
673 1366 879 1401 maritimis
914 1367 1087 1401 nascitur
1120 1367 1222 1401 saxis
1256 1365 1324 1401 ubi

149 1428 293 1465 alludit
311 1428 432 1472 unda,
450 1442 580 1478 neque
598 1431 638 1465 in
655 1431 753 1465 mari
771 1441 900 1478 neque
918 1431 959 1464 in
976 1431 1089 1472 sicco,
1107 1427 1200 1465 folio
1216 1431 1324 1465 isatis

149 1496 350 1536 crassiore,
389 1493 501 1530 caule
539 1493 717 1543 palmum
755 1493 849 1537 alto,
886 1496 927 1529 in
964 1506 1150 1529 mucrone
1189 1493 1324 1536 diviso,

148 1557 280 1594 radice
317 1557 421 1601 alba,
458 1557 637 1601 odorata,
673 1571 814 1600 crassa,
851 1557 967 1594 calidi
1002 1563 1153 1607 gustus.
1207 1557 1325 1593 datur

154 1621 347 1671 hepaticis
370 1624 411 1658 in
434 1621 537 1658 farre
561 1628 684 1658 cocta.
738 1621 836 1658 haec
858 1621 982 1658 herba
1005 1621 1146 1658 eadem
1169 1621 1325 1658 videtur

151 1686 389 1735 quibusdam
411 1699 512 1735 quae
534 1686 684 1736 polium
705 1685 755 1722 de
778 1699 856 1735 qua
876 1699 946 1722 suo
967 1685 1050 1722 loco
1071 1685 1252 1722 diximus.

202 1750 357 1786 XXIII.
388 1749 683 1800 Gromphaena,
716 1750 877 1787 alternis
909 1750 1094 1786 viridibus
1125 1752 1323 1799 roseisque

154 1828 224 1863 per
257 1814 410 1850 caulem
444 1814 547 1851 foliis
580 1817 621 1851 in
653 1827 771 1864 posca
804 1817 1038 1864 sanguinem
1071 1814 1323 1850 reicientibus

85 1882 126 1912 40
153 1879 350 1923 medetur,
380 1878 526 1915 XXIV.
555 1881 713 1915 iocineri
743 1884 880 1915 autem
906 1878 1031 1915 herba
1057 1878 1322 1921 malundrum,

436 2001 450 2016 ⁴³
474 1997 534 2028 See
556 1998 652 2028 Book
673 1997 785 2034 XXV,
807 1998 887 2036 586.

438 2038 450 2058 ⁶
472 2040 533 2072 See
550 2040 647 2071 Book
665 2040 763 2077 XXI,
782 2041 812 2079 ἓξ
828 2042 881 2077 44,
902 2041 1059 2072 145-147.

147 2115 214 2150 292
