1459 2288
106 685 146 715 65

107 1216 148 1247 66

370 149 566 186 PLINY:
612 149 875 186 NATURAL
909 148 1146 186 HISTORY

171 255 340 296 leniunt,
364 252 618 302 peculiariter
641 265 915 288 mammarum.
969 251 1266 301 Theophrastus
1290 264 1349 288 ar-

170 309 274 344 boris
302 319 428 356 genus
456 305 636 355 intellegi
664 305 789 342 voluit
816 305 1062 355 crataegon1
1090 307 1171 341 sive
1199 311 1350 341 cratae-

171 374 288 411 gona,
309 373 428 409 quam
449 358 541 395 Itali
560 357 792 407 aquifolium
810 364 965 395 vocant.

218 413 326 450 XLI.
359 412 621 449 Crocodileon
671 411 962 448 chamaeleonis
1012 410 1161 447 herbae
1212 413 1350 460 nigrae

172 466 339 516 figuram
360 465 497 508 habet,
519 464 651 501 radice
672 464 792 514 longa
813 464 1035 513 aequaliter
1055 477 1198 506 crassa,
1221 463 1349 500 odoris

172 522 312 569 asperi.
367 521 541 554 nascitur
568 521 608 554 in
636 517 838 554 sabuletis.
894 523 990 566 pota
1017 519 1252 567 sanguinem
1279 530 1351 566 per

171 585 285 609 nares
329 571 444 621 pellit
487 574 688 620 copiosum
730 582 1007 620 crassumque;
1057 569 1184 607 item2
1225 570 1350 606 lienes

173 638 405 663 consumere
425 624 580 661 dicitur.

221 678 351 715 XLII.
381 677 663 728 Cynosorchim
703 676 823 726 aliqui
863 676 1013 713 orchim
1052 682 1207 719 vocant,
1247 674 1351 712 foliis

173 732 298 775 oleae,
318 731 517 774 mollibus,
536 733 660 767 ternis
679 743 751 779 per
770 729 1016 779 semipedem
1034 729 1294 779 longitudinis
1312 731 1352 765 in

173 791 279 822 terra
301 787 449 827 stratis,
471 784 603 821 radice
624 783 804 827 bulbosa,
826 783 1011 832 oblonga,
1033 782 1179 832 duplici
1202 782 1352 825 ordine,

173 841 374 888 superiore
410 851 513 887 quae
548 837 682 873 durior
717 843 791 880 est,
825 835 1011 872 inferiore
1047 849 1150 885 quae
1183 835 1351 872 mollior.

174 892 347 929 eduntur
367 897 413 928 ut
434 891 544 927 bulbi
565 896 716 933 coctae,
736 892 777 926 in
798 892 921 926 vineis
942 888 1026 926 fere
1046 892 1247 926 inventae.
1303 901 1352 925 ex

173 945 232 982 his
258 944 455 981 radicibus
481 946 513 980 si
538 947 729 980 maiorem
756 943 879 980 edant
905 945 989 986 viri,
1015 955 1144 979 mares
1170 944 1352 992 generari

173 999 326 1041 dicunt,
365 1001 395 1034 si
434 1000 628 1034 minorem
667 995 854 1039 feminae,
894 995 1065 1032 alterum
1104 1008 1257 1032 sexum.
1310 998 1353 1031 in

173 1051 376 1088 Thessalia
401 1050 623 1087 molliorem
649 1052 690 1086 in
716 1049 820 1086 lacte
848 1051 1008 1099 caprino
1035 1051 1105 1085 viri
1131 1049 1275 1085 bibunt
1302 1048 1354 1085 ad

174 1104 435 1142 stimulandos
472 1107 613 1146 coitus,
650 1103 849 1140 duriorem
886 1116 980 1139 vero
1016 1102 1068 1138 ad
1103 1101 1352 1138 inhibendos.

176 1159 436 1195 adversantur
453 1157 580 1194 altera
597 1156 724 1193 alteri.

224 1211 376 1248 XLIII.
406 1209 771 1261 Chrysolachanum
795 1212 835 1245 in
860 1212 999 1258 pineto
1023 1208 1202 1245 lactucae
1227 1207 1354 1244 simile

175 1268 360 1301 nascitur.
416 1270 531 1301 sanat
576 1277 716 1300 nervos
761 1265 917 1306 incisos,
963 1264 994 1299 si
1038 1261 1250 1299 confestim
1294 1263 1352 1297 in-

175 1324 358 1368 ponatur.
414 1323 455 1354 et
504 1317 597 1353 alibi
645 1329 772 1366 genus
820 1315 1119 1365 chrysolachani
1167 1314 1353 1358 traditur,

175 1371 269 1408 flore
291 1384 424 1414 aureo,
444 1369 545 1406 foliis
565 1370 692 1406 oleris.
747 1375 904 1406 coctum
925 1375 1034 1405 estur
1053 1374 1098 1405 ut
1118 1368 1202 1404 olus
1222 1367 1353 1404 molle.

175 1425 273 1462 haec
290 1424 415 1461 herba
433 1423 648 1473 adalligata
666 1423 849 1459 morbum
866 1425 1021 1472 regium
1037 1421 1281 1458 habentibus
1297 1425 1355 1457 ita

175 1484 220 1515 ut
247 1480 416 1527 spectari
445 1477 495 1513 ab
522 1476 580 1513 his
608 1479 731 1526 possit
759 1488 898 1512 sanare
925 1475 966 1511 id
993 1475 1142 1511 malum
1168 1474 1352 1511 traditur.

227 1573 239 1591 1
264 1576 445 1612 crataegon
473 1571 578 1602 Hard.
606 1581 621 1601 e
650 1570 882 1610 Theophrasto,
911 1568 1068 1609 Maykoff
1078 1581 1085 1600 z
1127 1572 1354 1609 crataegonon

182 1615 345 1655 Detlefsen
359 1625 435 1646 cum
448 1614 563 1645 multis
578 1613 667 1644 codd.

225 1658 238 1677 ²
259 1659 343 1689 item
364 1657 504 1694 Urlichs,
521 1656 687 1697 Detlefsen
701 1668 708 1687 :
737 1655 787 1686 ita
801 1658 837 1686 et
852 1654 1010 1695 Mayhoff
1020 1666 1027 1686 ε
1054 1654 1103 1685 ita
1118 1657 1178 1684 aut
1191 1653 1249 1685 ida
1263 1652 1352 1684 codd.

222 1809 237 1824 ⁴²
259 1804 320 1836 See
345 1803 611 1844 Theophrastus,
637 1802 726 1834 H.P.
751 1801 807 1833 ΙΙΙ
834 1802 885 1838 15,
911 1801 942 1833 6.
987 1800 1059 1832 sse
1083 1803 1155 1832 tree
1179 1799 1354 1832 described

177 1848 273 1879 there
287 1849 316 1878 is
333 1858 353 1877 a-
369 1849 452 1886 type
471 1846 509 1877 of
525 1846 638 1882 thorn,
659 1844 806 1885 perhaps
827 1844 1006 1883 Orataequs
1024 1842 1238 1874 Heldreichii.
1284 1843 1355 1874 But

176 1890 375 1931 aquifolium
388 1890 417 1921 is
433 1900 494 1920 our
509 1889 613 1928 holly.
660 1889 689 1919 A
705 1887 851 1919 mistake
867 1886 1070 1928 apparently
1085 1886 1124 1917 of
1135 1886 1244 1927 Pliny.

222 1934 233 1952 ²³
257 1933 328 1964 The
346 1933 393 1964 ita
411 1932 450 1964 of
463 1932 523 1964 the
540 1931 635 1963 MSS.
654 1941 735 1971 may
753 1931 795 1962 be
812 1930 915 1971 right,
935 1930 999 1960 but
1016 1930 1044 1960 it
1062 1929 1232 1970 generally
1249 1927 1354 1959 refers

177 1980 214 2007 to
239 1986 333 2008 some
358 1985 452 2007 more
477 1975 649 2006 elaborate
674 1974 893 2015 preparation
921 1972 1008 2004 than
1036 1971 1096 2003 the
1127 1971 1232 2013 single
1261 1971 1353 2002 word

174 2022 265 2059 pota.

178 2081 249 2124 428
