1459 2288
405 117 599 154 PLINY:
645 117 909 154 NATURAL
942 116 1178 154 HISTORY

205 221 409 270 segetibus
433 219 651 256 hordeacis.
707 218 933 256 claritatem
952 218 1048 256 facit
1067 221 1238 256 inunctis
1259 219 1380 256 oculis

205 274 653 321 delacrimationemque
713 285 786 308 ceu
846 271 991 316 fumus,
1051 272 1157 309 unde
1221 285 1378 309 nomen.

207 327 348 363 eadem
370 326 520 362 evolsas
540 325 751 375 palpebras
771 328 921 362 renasci
943 326 1140 374 probibet.

119 385 176 415 157
256 380 297 416 C.
328 380 485 416 Acoron
505 379 613 415 iridis
634 378 728 415 folia
747 378 885 421 habet,
907 381 1138 428 angustiora
1157 384 1318 415 tantum
1340 385 1381 416 et

205 433 381 482 longiore
407 432 605 482 pediculo,
631 431 783 468 radices
808 434 940 481 nigras
966 435 1176 481 minusque
1202 445 1381 476 venosas,

205 492 340 522 cetero
369 492 411 522 et
435 485 507 521 has
535 485 680 521 similes
707 485 829 528 iridis,
856 491 978 535 gustu
1005 498 1127 529 acres,
1155 485 1276 522 odore
1302 499 1381 522 non

205 543 396 589 ingratas,
434 544 549 575 ructu
587 537 735 574 faciles.
790 544 981 588 optumae
1020 538 1320 588 Daspetiacae1
1359 552 1381 575 e

206 593 379 635 Galatia,
413 605 505 628 mox
545 591 740 635 Creticae,
774 591 845 628 sed
882 591 1078 641 plurimae
1115 594 1156 628 in
1194 591 1382 629 Colchide

205 649 318 682 iuxta
362 644 506 681 Phasin
550 658 710 681 amnem
754 650 796 681 et
839 646 1081 694 ubicumque
1124 648 1163 681 in
1209 648 1378 694 aquosis.

205 699 432 736 recentibus
480 701 583 735 virus
630 701 756 734 maius
805 711 924 747 quam
971 701 1153 742 vetustis,
1201 698 1382 735 Creticae

206 752 454 789 candidiores
489 751 674 788 Ponticis.
730 754 941 795 siccantur,
970 757 1016 788 ut
1044 751 1140 795 iris,2
1168 753 1209 787 in
1242 752 1382 788 umbra

120 811 177 841 158
204 805 436 856 digitalibus
452 804 599 842 frustis.
654 818 727 841 nec
743 818 821 841 non
842 807 1098 841 inveniuntur
1114 807 1182 854 qui
1197 818 1383 855 oxymyr-

205 862 314 895 sinae
338 859 513 895 radicem
540 871 682 895 acoron
706 864 863 901 vocant,
890 858 1062 907 ideoque
1089 858 1253 907 quidam
1278 858 1380 895 hanc

206 915 362 949 acorion
404 925 543 948 vocare
590 911 757 948 malunt.
814 914 869 948 vis
912 914 947 948 ei
996 911 1046 948 ad
1092 910 1383 948 calfaciendum

206 965 589 1014 extenuandumque
641 964 811 1008 efficax?
862 970 1000 1001 contra
1050 964 1282 1001 suffusiones
1339 971 1381 1001 et

205 1019 394 1069 caligines
446 1018 663 1062 oculorum,
716 1031 808 1055 suco
861 1018 1039 1054 eiusdem
1094 1023 1189 1067 poto
1247 1024 1385 1055 contra

205 1078 424 1121 serpentes.

121 1130 178 1162 159
259 1125 323 1162 CI.
354 1125 578 1175 Cotyledon
591 1124 756 1175 parvula
768 1125 892 1161 herba
902 1130 963 1161 est
975 1127 1016 1161 in
1024 1124 1217 1161 cauliculo
1229 1130 1384 1169 tenero,

205 1179 347 1228 pusillo
362 1178 488 1222 folio,4
503 1181 655 1228 pingui,
671 1192 841 1215 concavo
857 1184 902 1214 ut
918 1178 1165 1215 coxendices.
1208 1181 1384 1215 nascitur

203 1235 243 1268 in
261 1234 468 1269 maritimis
485 1234 735 1282 petrosisque
752 1232 885 1268 viridis
901 1231 916 1254 5
930 1244 938 1275 ;
970 1232 1103 1268 radice
1120 1231 1247 1268 olivae
1265 1231 1383 1268 modo

204 1285 388 1322 rotunda.
443 1285 565 1322 oculis
609 1285 795 1322 medetur
839 1298 943 1322 suco.
1000 1290 1061 1322 est
1105 1285 1213 1322 aliud
1256 1298 1383 1335 genus

205 1339 385 1375 eiusdem
429 1339 596 1376 sordidis
642 1337 758 1382 foliis,
802 1338 1008 1375 latioribus
1054 1338 1383 1388 densioribusque

203 1395 305 1429 circa
337 1392 513 1429 radicem
545 1392 655 1429 velut
688 1392 846 1428 oculum
878 1393 1145 1442 cingentibus,
1178 1394 1381 1441 asperrimi

261 1480 269 1496 ¹
296 1478 520 1518 Daspetiacae
544 1477 565 1508 I
566 1487 663 1514 anus,
688 1477 863 1517 Detlffsen,
889 1477 1046 1517 Mathff
1058 1490 1064 1508 :
1104 1477 1307 1518 Daspetiace
1331 1477 1360 1508 V
1376 1490 1383 1508 ι

212 1521 393 1561 Daspetice
410 1521 432 1551 d
447 1533 454 1551 :
485 1521 691 1560 Daepetiace
706 1520 737 1550 R
754 1532 761 1551 :
792 1520 903 1560 Despe
919 1521 949 1551 ie
966 1519 1005 1551 E.

258 1564 269 1581 ²
293 1568 333 1594 ut
347 1564 404 1594 iris
420 1563 577 1603 Mayhoff
588 1575 595 1594 z
625 1573 703 1594 vere
718 1563 882 1603 Dellefsen
897 1575 904 1594 :
932 1564 1019 1594 utris
1035 1562 1123 1594 codd.

257 1607 269 1624 ³
295 1607 432 1637 Comma
447 1616 511 1636 non
525 1609 600 1646 post
615 1605 670 1636 sed
684 1609 758 1636 anie
773 1606 893 1637 efficax
905 1606 1001 1646 ponit
1018 1606 1181 1646 Jlaylzoff.

257 1650 271 1668 4
295 1649 375 1679 folio
393 1659 408 1679 e
425 1648 615 1679 Dioscoride
631 1648 707 1680 add.
726 1648 924 1679 Hermolaus
941 1648 1119 1679 Barbarus.

259 1692 271 1711 ⁵
295 1692 412 1723 viridis
431 1691 607 1732 DetZQf-sen,
627 1691 729 1728 codd„
752 1691 834 1731 vulq.
852 1704 858 1722 :
892 1691 1016 1722 umidis
1036 1691 1200 1731 Illayhoss.

244 1819 258 1834 ‘²
281 1815 351 1846 The
369 1815 477 1847 Greek
494 1815 546 1846 for
564 1815 679 1846 smoke
696 1816 724 1846 is
743 1815 874 1849 καπνός.

243 1856 256 1876 ⁶
278 1858 489 1899 Apparently
519 1862 580 1889 not
606 1858 739 1890 known.
787 1858 887 1898 Pliny
914 1868 1022 1889 seems
1048 1861 1085 1889 to
1113 1857 1202 1889 have
1232 1858 1382 1899 wrongly

201 1902 282 1933 read
297 1911 392 1932 some
408 1900 517 1932 Greek
532 1900 626 1931 word
643 1910 680 1931 or
695 1901 817 1932 words.

242 1948 253 1962 ⁶
276 1944 346 1976 The
361 1945 529 1984 adjective
545 1943 660 1974 viridis
674 1945 702 1974 is
716 1944 833 1984 nearly
847 1943 973 1984 always
989 1943 1071 1974 used
1085 1943 1123 1974 of
1137 1953 1157 1973 a
1173 1943 1276 1980 clean,
1292 1943 1383 1974 fresh

195 1998 306 2028 green.
354 1987 402 2018 Cf.
423 1987 507 2017 vireo
523 1987 591 2018 and
608 1990 758 2018 contrast
774 1986 915 2017 sordidis
931 1997 951 2017 a
967 1986 1053 2017 little
1069 1986 1169 2017 lower
1185 1986 1294 2017 down.

198 2050 268 2094 248
