1459 2288
101 242 139 272 91

106 1039 145 1070 93

367 132 562 169 PLINY:
609 131 872 168 NATURAL
906 130 1142 167 HISTORY

220 235 339 273 LXV.
370 235 592 271 Holosteon
613 237 697 270 sine
718 233 865 270 duritia
886 239 946 269 est
966 232 1091 269 herba
1111 245 1159 269 ex
1182 232 1346 269 adverso

169 289 372 339 appellata
403 302 426 324 a
458 288 633 330 Graecis,
664 289 765 323 sicut
797 285 851 323 fel
881 286 1010 328 dulce,
1041 285 1173 322 radice
1204 285 1346 322 tenuil

170 355 294 391 usque
318 345 358 378 in
381 341 651 390 capillamenti
675 342 862 389 speciem,
884 339 1134 388 longitudine
1159 345 1348 388 quattuor

170 396 400 445 digitorum,
433 407 504 430 ceu
538 407 703 443 gramen
736 392 838 429 foliis
871 395 1063 442 angustis,
1096 392 1347 442 adstringens

169 455 303 499 gustu.
357 450 531 484 nascitur
560 450 600 483 in
631 446 795 483 collibus
825 448 1006 482 terrenis.
1060 458 1152 482 usus
1183 447 1266 482 eius
1297 445 1348 481 ad

172 502 295 544 vulsa,
337 507 456 550 rupta
498 503 537 536 in
581 503 671 536 vino
713 505 846 548 potae.
902 505 944 536 et
986 498 1148 535 volnera
1190 511 1348 547 quoque

170 555 434 605 conglutinat,
454 567 546 590 nam
566 559 607 590 et
625 566 776 595 carnes,
795 552 890 589 dum
909 558 1146 601 coquuntur,
1165 551 1315 588 addita.

222 608 364 645 LXVI.
395 606 727 656 Hippophaeston
746 608 921 642 nascitur
938 608 977 641 in
997 608 1117 654 spinis
1137 618 1186 641 ex
1206 605 1348 654 quibus

173 662 273 698 fiunt
317 665 441 697 aenae
486 659 689 703 fulloniae,
733 662 817 696 sine
861 658 1067 701 cauliculo,
1111 660 1194 694 sine
1239 657 1348 701 flore,

172 714 354 764 capitulis
392 719 551 750 tantum
590 713 772 749 inanibus
812 718 854 748 et
892 711 994 748 foliis
1033 714 1162 761 parvis
1200 711 1350 754 multis,

171 768 355 805 herbacei
394 767 545 809 coloris,
584 766 777 802 radiculas
814 764 997 802 habens2
1035 765 1157 808 albas,
1195 764 1347 801 molles.

173 835 288 858 sucus
309 834 445 857 earum
466 822 702 869 exprimitur
721 825 876 855 aestate
897 818 948 855 ad
968 818 1198 854 solvendam
1219 817 1350 854 alvum

171 875 297 911 tribus
322 873 460 916 obolis,
484 876 657 909 maxime
682 875 722 908 in
747 872 1010 908 comitialibus
1034 872 1180 907 morbis
1206 876 1248 908 et
1271 876 1351 907 tre-

172 928 302 971 mulis,
341 927 580 977 hydropicis,
621 932 759 962 contra
799 928 1028 975 vertigines,
1069 924 1349 973 orthopnoeas,

173 981 363 1031 paralysis
383 983 629 1029 incipientes.

225 1033 389 1070 LXVII.
420 1033 671 1083 Hypoglossa
708 1031 803 1068 folia
839 1031 963 1068 habet
1000 1030 1127 1081 figura
1162 1030 1350 1067 silvestris

174 1090 308 1138 myrti,
336 1086 538 1129 concava,3
567 1089 725 1135 spinosa
753 1091 794 1122 et
822 1087 862 1121 in
889 1084 948 1121 his
977 1097 1049 1121 ceu
1076 1084 1231 1134 linguas
1258 1082 1353 1120 folia

174 1154 296 1190 parva
322 1143 512 1177 exeuntia
539 1139 589 1176 e4
616 1138 730 1175 foliis.
785 1141 925 1187 capitis
951 1137 1106 1174 dolores
1133 1150 1276 1174 corona
1302 1150 1351 1173 ex

173 1194 232 1231 his
252 1196 424 1243 inposita
441 1195 597 1229 minuit.

226 1247 413 1284 LXVIII.
444 1246 664 1296 Hypecoon
706 1248 746 1281 in
788 1245 992 1294 segetibus
1034 1246 1208 1280 nascitur
1249 1242 1351 1280 foliis

175 1307 301 1338 rutae.
356 1306 499 1337 natura
518 1302 601 1336 eius
622 1298 763 1335 eadem
783 1311 885 1347 quae
904 1299 1111 1347 papaveris
1130 1310 1234 1333 suco.

228 1403 239 1421 1
263 1403 376 1434 radice
388 1403 483 1433 tenui
495 1412 561 1441 eqo,
575 1401 631 1441 qui
644 1402 674 1432 H
678 1400 815 1432 ermolai
826 1400 968 1432 Barbari
979 1400 1075 1431 tenui
1086 1400 1199 1430 radice
1211 1398 1351 1430 inverte:

181 1446 293 1477 radice
317 1445 430 1476 tenuis
454 1444 612 1485 Maylzofs
624 1457 630 1475 :
661 1444 774 1475 tenuis
798 1443 902 1479 codd.,
919 1442 1097 1483 Detlefsen.
1144 1441 1354 1473 Dioscorides

183 1489 245 1529 (IV
265 1489 317 1527 ll)
333 1489 425 1529 ῥίζαν
441 1487 475 1519 δὲ
493 1487 615 1528 σφόδρα
632 1486 755 1528 λεπτὴν
771 1485 814 1520 ὡς
830 1486 935 1526 τρίχα.

226 1533 238 1551 ²
263 1531 391 1562 habens
429 1530 511 1570 vuly.
549 1529 736 1569 Detlefsen:
785 1540 850 1560 om.
886 1528 976 1559 codd.
993 1540 1000 1559 ι
1050 1527 1220 1559 radiculae
1255 1526 1353 1558 albae

183 1574 346 1614 Mayhoff.

226 1618 238 1637 ³
263 1627 412 1648 concava
440 1615 542 1651 codd„
572 1615 678 1655 cula:
721 1624 818 1646 coma
845 1624 860 1645 e
887 1613 1078 1645 Dioscorida
1106 1612 1268 1653 Maylzoff,
1298 1611 1354 1652 qui

185 1660 284 1691 etiam
303 1660 475 1691 comantia
494 1658 578 1689 coni.

226 1704 240 1723 ⁴1
263 1702 344 1733 folia
365 1712 472 1743 parva
493 1701 654 1733 exeuntia
676 1711 694 1731 e
716 1699 804 1731 foliis
826 1699 911 1730 coni.
934 1698 1092 1738 fllayhoff
1103 1710 1110 1730 z
1142 1697 1223 1730 folio
1245 1708 1352 1738 parvo

183 1749 328 1776 exeunte
347 1745 388 1776 de
406 1744 494 1775 soliis
511 1743 614 1780 codd„
632 1743 805 1783 Dellefsen,
826 1742 982 1783 Mayhoff
995 1742 1032 1772 in
1049 1744 1146 1772 textu.

224 1921 289 1976 ‘²954
313 1924 448 1961 strange
472 1919 603 1960 phrase,
629 1919 736 1950 which
760 1918 882 1949 should
905 1928 1026 1948 mean:
1067 1916 1207 1957 “grows
1230 1926 1353 1956 among

180 1968 245 2026 ποῖ’·
260 2006 331 2037 The
348 2016 442 2037 sense
459 2006 487 2036 is
504 2005 562 2036 the
581 2015 673 2035 same
691 2003 880 2035 whichever
896 2003 1033 2043 reading
1050 2003 1077 2033 is
1095 2002 1253 2043 adopted.

179 2081 250 2114 444
