1459 2288
109 272 150 303 80

112 857 149 887 81

375 163 570 200 PLINY:
617 162 880 200 NATURAL
914 162 1148 199 HISTORY

227 266 414 304 XXXIX.
445 266 671 303 Celebravit
689 271 731 302 et
748 265 933 302 Themiso
952 265 1129 302 medicus
1148 265 1352 315 vulgarem

176 321 340 357 herbam
360 320 636 369 plantaginem
655 325 862 368 tamquam
882 321 1064 355 inventor
1084 318 1282 355 volumine
1302 318 1352 355 de

177 387 224 410 ea
262 373 381 410 edito.
436 373 515 409 duo
554 375 637 409 eius
674 385 844 422 genera:
895 374 1023 408 minor
1060 372 1352 421 angustioribus

175 426 277 463 foliis
309 432 350 463 et
379 426 627 476 nigrioribus,
658 425 817 474 linguae
848 438 1035 474 pecorum
1064 424 1213 468 similis,
1242 424 1353 461 caule

177 479 366 529 anguloso
409 482 448 515 in
491 484 639 515 terram
682 478 886 522 inclinato,
929 480 968 514 in
1010 480 1133 527 pratis
1175 490 1351 514 nascens.

176 533 302 569 altera
325 535 462 575 maior,
486 531 589 568 foliis
613 531 783 568 laterum
808 531 925 568 modo
949 531 1111 574 inclusa,
1136 544 1238 580 quae
1262 533 1354 580 quia

177 592 346 636 septena
376 591 482 628 sunt,
515 585 677 634 quidam
710 597 798 621 eam
829 584 1120 634 heptapleuron
1152 597 1352 621 vocavere.

175 639 290 675 huius
312 645 353 675 et
373 638 493 675 caulis
509 638 691 674 cubitalis
713 643 794 680 est,
821 637 948 687 quael
966 640 1006 673 in
1022 637 1166 674 umidis
1181 639 1355 673 nascitur

176 692 303 728 multo
331 692 533 728 efficacior.
588 694 686 727 mira
713 694 768 727 vis
795 693 835 727 in
863 690 1044 727 siccando
1071 690 1354 739 densandoque

177 759 351 795 corpore,
365 747 529 781 cauterii
543 747 667 781 vicem
681 747 876 793 optinens.
912 743 1020 780 nulla
1033 757 1093 780 res
1110 756 1236 793 aeque
1250 745 1354 780 sistit

177 798 382 835 fluctiones
405 812 500 848 quas
523 797 663 834 Graeci
684 797 986 833 rheumatismos
1008 803 1160 834 vocant.

228 851 312 888 XL.
344 852 527 901 Iungitur
547 851 638 887 huic
659 850 862 900 buglossos
884 851 1004 887 boum
1026 850 1185 900 linguae
1207 849 1356 893 similis,

177 907 238 941 cui
262 907 519 954 praecipuum
543 904 649 953 quod
673 907 713 940 in
738 906 871 940 vinum
896 904 1051 940 deiecta
1076 905 1194 940 animi
1220 902 1354 952 volup-

179 964 285 994 tates
306 963 443 1007 auget,
464 963 506 994 et
526 963 689 994 vocatur
709 956 1018 1006 euphrosynum.

229 1010 337 1047 XLI.
365 1011 550 1060 Iungitur
564 1016 605 1046 et
618 1010 872 1060 cynoglossos
886 1012 1069 1046 caninam
1081 1009 1259 1060 linguam
1272 1011 1355 1046 imi—

180 1070 281 1108 tata,
301 1067 479 1113 topiariis
507 1064 692 1113 operibus
719 1065 957 1113 gratissima.
1013 1066 1125 1099 aiunt
1146 1076 1249 1112 quae
1275 1068 1357 1099 tres

180 1118 337 1168 thyrsos
366 1119 526 1154 seminis
553 1119 692 1153 mittat
720 1119 802 1153 eius
829 1116 1004 1153 radicem
1024 1122 1162 1166 potam
1183 1129 1232 1153 ex
1254 1129 1358 1165 aqua

181 1171 231 1207 ad
259 1173 454 1208 tertianas
483 1170 686 1220 prodesse,
711 1183 814 1219 quae
838 1175 1030 1219 quattuor
1053 1170 1103 1206 ad
1127 1175 1355 1219 quartanas.

181 1230 242 1261 est
269 1230 311 1261 et
337 1223 414 1260 alia
434 1223 570 1260 similis
592 1226 627 1260 ei
648 1236 751 1273 quae
773 1222 851 1260 fert
871 1223 1009 1272 lappas
1030 1226 1217 1259 minutas.
1273 1226 1356 1259 eius

180 1278 293 1314 radix
317 1283 413 1326 pota
438 1290 486 1313 ex
512 1290 616 1326 aqua
640 1279 743 1313 ranis
769 1282 811 1313 et
834 1277 1088 1326 serpentibus
1109 1276 1354 1313 adversatur.

229 1331 360 1367 XLII.
390 1331 463 1367 Est
499 1336 541 1367 et
574 1329 861 1379 buphthalmus
896 1329 1032 1366 similis
1066 1330 1187 1366 boum
1221 1329 1358 1373 oculis,

180 1384 273 1421 folio
295 1383 470 1427 feniculi,
493 1386 595 1420 circa
617 1383 764 1433 oppida
786 1396 965 1426 nascens,
988 1382 1176 1420 fruticosa
1182 1411 1325 1426 .....
1342 1383 1358 1406 ²

231 1448 243 1466 ¹
267 1451 336 1485 est;
356 1457 442 1487 quae
458 1448 491 1478 in
509 1457 562 1487 eqo
578 1459 584 1477 ε
614 1450 665 1478 est
681 1450 715 1477 et
731 1457 798 1477 uva
815 1447 881 1487 api.
899 1447 932 1477 in
949 1446 1129 1486 Detlessen:
1159 1450 1219 1477 est.
1234 1449 1268 1477 et
1284 1446 1357 1487 ipsa

182 1492 213 1521 in
240 1490 402 1530 Maylzoff,
423 1490 479 1530 qui
506 1490 659 1520 lacunam
684 1493 719 1520 et
744 1489 873 1520 radices
899 1489 1121 1520 crassitudine
1141 1488 1271 1530 digitali
1291 1499 1356 1520 esse

185 1533 319 1606 σρηζῗςὶί
362 1536 424 1606 lest
441 1536 476 1563 et
494 1533 575 1573 vapi
591 1533 626 1563 in
644 1532 732 1563 codd.
752 1532 818 1563 Pro
837 1533 917 1573 vapi
934 1532 1018 1563 coni.
1038 1533 1117 1573 napi
1137 1531 1154 1562 I
1158 1542 1244 1563 anus
1262 1533 1355 1573 (napi

185 1580 528 1650 Slmlllfogtllfzghcosa
547 1618 699 1649 lacunam
717 1628 783 1649 esse
800 1621 879 1658 puto
895 1630 901 1649 :
932 1621 1004 1658 post
1023 1617 1175 1649 caulibus
1194 1618 1233 1649 M
1236 1617 1356 1658 ayhosf.

224 1693 238 1707 ‘¹
260 1689 307 1720 As
328 1688 486 1729 Mayhoff
505 1699 593 1729 says,
616 1688 685 1718 thjs
707 1691 865 1719 sentence
888 1691 1014 1719 cannot
1036 1687 1077 1719 be
1098 1688 1250 1719 restored
1273 1687 1356 1719 with

180 1743 248 1773 any
265 1732 445 1772 certainty.
493 1731 564 1762 The
580 1731 720 1771 reading
737 1730 774 1762 of
788 1730 847 1761 the
863 1730 969 1767 MSS„
984 1730 1072 1770 vapi,
1086 1731 1114 1761 is
1131 1741 1151 1761 a
1171 1741 1228 1761 vox
1244 1730 1354 1762 nihili.

181 1775 228 1807 Of
257 1775 316 1806 the
346 1785 450 1815 many
481 1774 716 1805 emendations
747 1774 915 1814 proposed
945 1773 1023 1804 that
1053 1773 1092 1804 of
1122 1773 1297 1805 Detlefsen
1329 1774 1356 1804 is

180 1818 239 1849 the
262 1821 396 1849 nearest
420 1821 456 1848 to
479 1818 516 1853 it,
544 1817 612 1848 and
635 1820 718 1848 next
746 1826 857 1847 comes
883 1816 962 1847 that
989 1816 1028 1847 of
1049 1816 1128 1847 Jan.
1174 1816 1254 1857 May
1256 1816 1339 1847 hoff’
1342 1827 1358 1847 s

182 1865 257 1892 text
283 1861 311 1891 is
338 1860 401 1891 but
427 1870 448 1891 a
474 1864 565 1900 stop·
567 1870 644 1900 gap,
673 1859 741 1890 and
767 1859 826 1890 the
849 1869 942 1890 same
964 1862 1057 1890 must
1080 1859 1121 1890 be
1144 1860 1216 1890 said
1241 1859 1279 1890 of
1298 1869 1355 1900 my

183 1914 272 1944 quae,
292 1903 401 1934 which
420 1904 447 1934 is
466 1902 566 1943 fairly
584 1913 665 1933 near
687 1905 724 1933 to
747 1902 806 1933 the
828 1901 934 1937 MSS„
959 1901 1021 1932 but
1043 1902 1070 1932 is
1094 1906 1183 1933 most
1205 1901 1355 1943 unh'kely

182 1951 218 1977 to
245 1946 332 1977 have
361 1946 444 1977 been
467 1945 618 1986 changed
645 1945 691 1985 by
717 1955 737 1975 a
763 1945 870 1976 scribe
896 1948 932 1976 to
958 1948 987 1975 et
1015 1945 1100 1984 vapi.
1149 1944 1246 1985 Pliny
1273 1945 1355 1976 took

183 1989 417 2028 heplapleuron
444 1992 481 2019 to
506 1998 604 2020 mean
632 1987 746 2018 “with
771 1997 871 2018 seven
899 1986 1021 2024 sidesss’
1051 1987 1113 2018 but
1141 1987 1199 2018 the
1225 1991 1356 2028 greater

182 2032 335 2072 plantain
348 2031 409 2062 has
421 2041 522 2063 seven
533 2031 599 2062 ribs
609 2041 653 2062 on
663 2030 722 2062 the
732 2030 807 2061 leaf.
819 2029 880 2062 See
891 2030 961 2062 also
971 2030 1153 2071 Mayhoff's
1163 2030 1355 2071 Appendix.

185 2099 252 2134 194
