1459 2288
134 982 170 1012 lO

131 1302 165 1331 ll

395 233 590 272 PLINY:
636 234 899 272 NATURAL
934 234 1170 272 HISTORY

196 338 396 375 oculorum
436 352 594 388 quoque
633 338 935 375 medicamentis
975 341 1177 376 aconitum
1215 341 1371 376 misceri

196 391 452 428 saluberrime
473 391 775 441 promulgavere
797 398 937 442 aperta
956 391 1200 441 professione
1221 392 1371 428 malum

196 445 357 494 quidem
392 444 575 481 nullum1
611 458 696 481 esse
730 448 814 481 sine
848 445 979 494 aliquo
1013 446 1129 482 bono.
1184 444 1242 482 fas
1279 459 1373 495 ergo

196 499 307 534 nobis
330 501 405 534 erit
428 501 494 547 qui
516 498 624 535 nulla
645 498 815 535 diximus
837 512 992 535 venena
1012 505 1232 535 monstrare
1255 498 1372 548 quale

196 554 247 588 sit
269 554 483 594 aconitum,
506 552 569 588 vel
590 551 918 601 deprehendendi
939 555 1079 602 gratia.
1135 551 1228 588 folia
1249 551 1373 588 habet

196 604 403 654 cyclamini
443 611 512 641 aut
552 608 769 641 cucumeris
808 618 886 641 non
925 605 1040 654 plura
1078 611 1281 654 quattuor,
1321 605 1371 641 ab

196 658 341 701 radice,
373 658 518 695 leniter
547 657 712 701 hirsuta,
743 658 917 694 radicem
947 658 1144 694 modicam
1174 671 1372 694 cammaro

196 711 364 748 similem
396 714 561 755 marino,
594 725 716 761 quare
749 711 909 760 quidam
941 725 1167 748 cammaron
1199 711 1372 761 appella-

197 778 302 807 vere,
317 764 381 801 alii
394 764 684 814 thelyphonon,
699 778 747 801 ex
762 778 840 814 qua
853 765 1023 801 diximus
1037 778 1165 801 causa.
1220 764 1346 801 cauda
1358 765 1372 786 2

195 817 334 854 radicis
351 820 578 855 incurvatur
595 818 756 867 paulum
773 821 1022 867 scorpionum
1038 818 1171 861 modo,
1188 831 1312 867 quare
1330 824 1372 855 et

196 874 375 920 scorpion
390 871 510 921 aliqui
525 884 726 908 vocavere.
782 884 854 908 nec
869 870 1033 908 defuere
1049 874 1115 920 qui
1129 878 1371 921 myoctonon

196 924 397 974 appellare
429 924 609 968 mallent,
642 927 828 974 quoniam
861 924 995 974 procul
1028 931 1070 961 et
1103 937 1124 961 e
1155 924 1372 974 longinquo

194 977 314 1014 odore
336 991 468 1014 mures
491 984 620 1015 necat.
676 981 849 1014 nascitur
870 981 909 1014 in
932 977 1048 1014 nudis
1071 979 1251 1014 cautibus
1275 991 1372 1027 quas

196 1044 337 1067 aconas
373 1034 592 1075 nominant,
628 1037 670 1067 et
704 1031 794 1068 ideo
828 1034 1029 1068 aconitum
1065 1031 1184 1080 aliqui
1219 1031 1371 1073 dixere,

196 1084 304 1120 nullo
345 1087 458 1121 iuxta
498 1098 548 1121 ne
590 1084 753 1134 pulvere
795 1084 957 1133 quidem
998 1087 1214 1121 nutriente.
1270 1084 1371 1121 hanc

195 1137 316 1187 aliqui
344 1140 541 1175 rationem
570 1140 738 1174 nominis
768 1138 963 1181 adtulere,
993 1137 1071 1181 alii,
1101 1140 1287 1187 quoniam
1316 1141 1371 1174 vis

197 1191 339 1227 eadem
376 1198 482 1228 esset
517 1194 557 1227 in
592 1198 721 1228 morte
757 1204 860 1240 quae
896 1191 1049 1228 cotibus
1084 1193 1124 1227 in
1160 1190 1250 1227 ferri
1288 1194 1370 1228 acie

195 1244 431 1288 deterenda,
450 1247 668 1294 statimque
688 1244 851 1281 admota
869 1244 1055 1281 velocitas
1076 1247 1301 1281 sentiretur.

244 1297 320 1334 III.
349 1297 558 1347 Aethiopis
586 1296 681 1334 folia
707 1297 830 1334 habet
856 1297 1017 1347 phlomo
1044 1297 1198 1341 similia,
1225 1311 1371 1347 magna

195 1363 239 1386 ac
254 1350 383 1387 multa
400 1357 441 1388 et
456 1351 609 1387 hirsuta
625 1352 675 1387 ab
691 1351 837 1393 radice,
854 1351 1007 1387 caulem
1025 1351 1369 1401 quadriangulum,

246 1444 257 1462 ¹
282 1444 410 1475 malum
434 1444 571 1484 quidem
598 1444 729 1475 nullum
752 1444 819 1484 d(‘.¹)
845 1444 940 1484 mcly„
964 1444 1148 1484 Detlessen:
1177 1455 1219 1475 ne
1241 1444 1368 1475 malum

203 1487 337 1527 quidem
354 1487 459 1518 ullum
476 1487 639 1527 illayhoff.

244 1532 255 1548 ²
279 1530 386 1560 cauda
415 1530 454 1566 V,
485 1530 658 1570 illayhoff:
701 1530 796 1561 arida
824 1530 875 1561 E:
919 1530 1027 1561 cauda
1055 1530 1151 1561 arida
1179 1530 1364 1570 Detlefsen:

199 1573 295 1603 radix
309 1573 380 1603 sine
396 1573 504 1603 cauda
518 1573 639 1604 radicis
654 1572 687 1609 d,
705 1573 800 1612 moly„
809 1572 952 1613 fortasse
965 1576 1056 1604 recte.

240 1721 254 1736 ‘⁸
276 1717 384 1748 There
396 1718 424 1748 is
437 1717 582 1758 perhaps
596 1717 683 1749 little
697 1721 733 1749 to
748 1717 868 1749 choose
882 1718 1034 1749 between
1048 1717 1106 1749 the
1119 1721 1188 1749 two
1200 1718 1366 1759 readings.

194 1760 376 1801 Mayhoff’s
391 1770 431 1791 ne
446 1761 474 1791 is
491 1761 585 1800 quite
601 1771 637 1792 as
653 1760 755 1801 likely
772 1771 808 1791 as
824 1760 883 1792 the
900 1761 1037 1802 vulgate
1053 1764 1138 1792 text.

241 1803 252 1822 ²³
268 1803 328 1834 Le.
348 1802 366 1814 “
381 1803 643 1834 mouse—killer.”

238 1849 250 1864 ⁶
271 1845 330 1876 I.e.
348 1845 433 1879 κόνις
447 1845 527 1877 dust
543 1846 610 1876 and
626 1859 645 1876 α
661 1846 838 1885 privative.

235 1886 250 1906 α
272 1889 301 1920 Α
317 1888 505 1919 whetstone
520 1889 548 1920 is
562 1889 597 1920 in
614 1888 723 1920 Greek
739 1888 850 1928 ἀκόνη.

241 1935 251 1949 ²
273 1931 308 1962 It
321 1932 349 1962 is
364 1932 564 1972 interesting
576 1936 613 1963 to
627 1942 783 1972 compare
796 1932 923 1972 Pliny's
937 1937 1082 1963 account
1095 1932 1134 1963 of
1142 1933 1274 1963 aconite
1284 1932 1364 1963 with

194 1974 406 2005 Dioscorides
418 1974 466 2005 IV
479 1975 519 2005 76
533 1974 763 2014 (lVellmann).
810 1975 850 2005 In
862 1975 921 2006 the
933 1975 1036 2006 latter
1046 1976 1074 2006 is
1085 1976 1184 2015 given
1196 1975 1254 2006 the
1266 1975 1365 2006 effect

193 2017 232 2054 of
243 2017 376 2048 aconite
392 2028 436 2048 on
452 2018 624 2057 scorpions
640 2017 722 2048 with
738 2018 782 2048 its
799 2018 953 2049 antidote
969 2019 1002 2049 in
1019 2018 1078 2049 the
1094 2018 1198 2049 touch
1214 2017 1252 2048 of
1263 2018 1365 2049 white

193 2059 370 2091 hellebore.
417 2059 487 2091 The
514 2060 693 2101 preceding
719 2064 876 2091 sentence
904 2061 931 2091 is
946 2073 953 2092 ε
990 2060 1061 2100 ῥίζα
1089 2060 1184 2099 ὁμοία
1212 2061 1367 2101 σκορπίου

192 2101 282 2142 οὐρᾷ,
300 2102 474 2143 στίλβουσα
491 2101 782 2143 ἀλαβαστροειδῶς.
828 2103 894 2134 For
908 2103 977 2134 this
993 2103 1059 2134 last
1074 2103 1173 2144 Pliny
1188 2103 1250 2134 has
1265 2103 1344 2144 only
1357 2115 1364 2134 :

191 2176 262 2211 394
