1459 2288
388 170 582 207 PLINY:
629 171 891 208 NATURAL
926 171 1163 209 HISTORY

189 288 294 325 aqua
317 280 386 311 aut
410 275 584 311 brassica
606 287 697 311 cum
720 281 824 319 ture,
848 274 1051 325 frequenti
1075 281 1174 325 potu
1197 276 1363 320 calidae,

188 339 251 376 vel
281 353 301 376 e
331 339 503 375 carbone
533 342 573 375 in
603 345 819 388 conspectu
850 343 1043 377 restincto
1073 339 1208 376 favilla
1236 340 1364 391 digito

188 404 346 441 sublata
386 409 428 440 et
466 403 594 446 inlita,
634 403 697 440 vel
736 403 929 454 plantago
968 410 1072 447 tusa,
1112 404 1364 455 tithymallus

189 468 440 505 characites.1

102 537 160 568 119
239 532 429 569 LXXIII.
462 532 711 583 Hydropicos
741 539 857 570 sanat
885 546 1072 582 panaces,
1101 533 1294 584 plantago
1323 537 1363 570 in

189 598 290 641 cibo,
309 610 399 633 cum
419 599 525 646 prius
546 610 692 646 panem
712 600 859 633 siccum
878 597 1128 634 comederint
1147 600 1231 634 sine
1251 604 1364 647 potu,

190 664 393 699 vettonica
409 661 606 698 drachmis
624 661 778 698 duabus
795 664 836 698 in
853 661 1008 698 duobus
1025 661 1180 712 cyathis
1198 664 1278 698 vini
1295 668 1365 699 aut

189 727 318 769 mulsi,
352 725 415 762 vel
447 728 650 776 agaricum
683 725 746 762 vel
778 739 917 762 semen
949 726 1176 763 lonchitidis
1210 726 1364 763 duabus

188 790 347 841 lingulis
364 804 413 827 ex
430 804 534 840 aqua
550 797 705 840 potum,
721 790 891 840 psyllion
908 804 957 827 ex
974 793 1078 834 vino,
1096 790 1367 841 anagallidum

189 869 319 899 sucus,
337 855 586 905 cotyledonis
605 855 717 891 radix
737 868 758 891 e
776 854 918 898 mulso,
938 855 1045 891 ebuli
1062 858 1234 892 recentis
1252 855 1366 892 radix

191 933 357 956 excussa
377 925 538 956 tantum
558 932 632 955 nec
653 919 815 963 colluta,
837 919 944 969 quod
964 919 1044 956 duo
1064 920 1181 970 digiti
1201 933 1366 969 conpre-

189 984 384 1027 hendant,
410 997 460 1020 ex
486 986 564 1020 vini
590 987 737 1020 veteris
763 983 866 1020 caldi
890 983 1066 1028 hemina,
1091 983 1228 1021 trifolii
1253 984 1366 1021 radix

189 1048 386 1086 drachmis
411 1048 566 1085 duabus
591 1051 631 1084 in
657 1051 761 1091 vino,
786 1047 1061 1098 tithymallum
1085 1048 1367 1099 platyphyllon

188 1116 439 1163 cognomine,
469 1126 607 1149 semen
638 1112 815 1162 hyperici
847 1112 954 1162 quod
983 1126 1093 1149 caros
1125 1112 1366 1162 appellatur,

103 1182 162 1213 120
189 1184 292 1221 acte,
334 1191 454 1227 quam
495 1190 581 1213 esse
623 1176 786 1213 ebulum
826 1183 974 1226 putant
1014 1177 1191 1226 quidam,
1231 1177 1367 1214 radice

189 1245 363 1279 contrita
393 1244 433 1278 in
465 1244 544 1277 vini
576 1241 731 1291 cyathis
763 1242 905 1285 tribus,
937 1244 969 1278 si
1001 1240 1121 1278 febris
1155 1242 1273 1285 absit,
1305 1241 1367 1278 vel

190 1309 341 1344 semine
384 1319 433 1342 ex
474 1309 565 1342 vino
606 1309 733 1356 nigro,
774 1308 874 1342 item
914 1306 1138 1343 verbenaca
1178 1305 1366 1343 fasciculo

189 1384 330 1408 manus
358 1370 501 1420 plenae
528 1373 569 1406 in
596 1383 701 1420 aqua
727 1370 895 1407 decocta
921 1370 973 1407 ad
1000 1370 1196 1407 dimidias.
1251 1383 1365 1420 prae-

190 1439 305 1485 cipue
327 1441 465 1472 tamen
487 1434 766 1471 chamaeactes
788 1447 903 1471 sucus
927 1437 1154 1484 aptissimus
1177 1435 1364 1472 creditur.

190 1502 420 1549 eruptiones
455 1502 627 1548 pituitae
662 1499 882 1535 emendant
915 1499 1122 1549 plantago,
1155 1499 1366 1549 cyclamini

190 1564 303 1601 radix
320 1577 341 1600 e
357 1563 491 1607 melle,
509 1563 616 1600 ebuli
632 1562 727 1599 folia
743 1566 840 1600 trita
857 1576 878 1600 e
895 1569 1033 1600 vetere
1051 1566 1367 1613 vino—inposita

191 1632 314 1666 etiam
336 1629 455 1665 boam
477 1634 635 1671 sanant,
658 1627 698 1664 id
722 1634 783 1664 est
806 1628 997 1665 rubentes
1020 1628 1366 1678 papulas—pruri-

191 1697 327 1744 ginem
346 1706 461 1729 sucus
481 1692 660 1742 strychni
678 1692 826 1729 inlitus.

201 1779 259 1862 Cs¹
272 1779 468 1860 §Ehggatiissgs
497 1777 598 1814 codd„
628 1777 812 1818 Detlefsen:
856 1777 1027 1808 characias
1056 1777 1172 1815 Hard.,
1204 1778 1365 1819 Mayhoff.

231 1953 245 1968 ⁰
268 1949 338 1980 The
355 1949 447 1980 carbo
463 1952 536 1979 acts
553 1959 597 1979 on
613 1948 671 1979 the
688 1948 904 1979 carbunculus
921 1948 966 1989 by
983 1949 1153 1979 imitative
1169 1950 1289 1989 magio.

231 1992 243 2011 δ
268 1992 323 2029 Or,
349 1992 368 2003 “
384 1992 443 2023 the
467 1991 610 2022 crushed
632 1991 710 2022 seed
732 1992 767 2022 in
791 1991 876 2022 dark
899 1992 966 2030 (ia.
990 1991 1062 2030 red)
1087 1991 1207 2028 wine‚''
1231 1993 1365 2023 contrito

185 2036 284 2076 being
302 2034 509 2065 understood
527 2034 615 2065 from
633 2034 769 2065 contrita
787 2034 904 2066 above.

191 2108 261 2145 354
