1459 2288
110 282 168 312 147

105 808 165 838 148

105 1336 164 1366 149

395 174 590 212 PLINY:
636 175 899 213 NATURAL
933 176 1170 214 HISTORY

246 276 387 313 XCIV.
418 277 552 327 Aliqui
571 278 584 300 ¹
607 283 648 314 et
668 277 933 328 mandragora
954 278 1198 321 utebantur3
1232 283 1373 327 postea

196 335 402 372 abdicatus
445 342 506 372 est
545 338 585 372 in
625 335 699 372 hac
739 339 956 372 curatione.
1013 336 1225 386 epiphoris,
1267 336 1373 386 quod

194 400 349 430 certum
377 400 451 437 est,
479 394 665 431 medetur
693 400 734 431 et
761 395 965 431 oculorum
992 395 1115 432 dolori
1142 395 1256 432 radix
1283 400 1374 432 tusa

194 466 284 489 cum
314 465 475 489 rosaceo
507 459 548 490 et
579 456 680 490 vino.
736 467 829 490 nam
859 467 974 490 sucus
1004 453 1140 490 multis
1171 453 1374 490 oculorum

192 511 496 548 medicamentis
525 514 725 548 miscetur.
780 512 1072 562 mandragoran
1101 512 1166 548 alii
1194 514 1374 548 circaeon

193 575 348 606 vocant.
403 569 483 606 duo
499 572 582 607 eius
597 582 770 620 genera3
799 570 991 607 candidus
1007 573 1074 620 qui
1091 576 1132 607 et
1147 583 1245 614 mas,
1260 573 1374 621 niger

193 631 261 677 qui
281 627 430 664 femina
450 631 716 672 existimatur,
738 630 1032 679 angustioribus
1053 642 1174 678 quam
1192 628 1373 665 lactucae

192 685 309 730 foliis,
341 686 502 724 hirsutis
536 693 578 724 et
610 687 802 731 caulibus,
834 687 1032 724 radicibus
1064 688 1166 723 binis
1199 690 1373 724 ternisve

192 744 363 789 rufulis,2
411 748 518 782 intus
568 746 680 790 albis,
729 748 900 782 carnosis
950 748 1194 795 tenerisque,
1243 759 1372 795 paene

192 804 443 841 cubitalibus.
500 803 636 841 ferunt
650 804 755 840 mala
771 804 1045 841 abellanarum
1060 817 1207 840 nucum
1222 807 1374 854 magni-

192 862 332 899 tudine
361 868 403 899 et
428 865 469 899 in
495 862 554 899 his
582 876 720 899 semen
746 876 819 899 ceu
846 866 1033 912 pirorum.
1088 862 1162 899 hoc
1190 863 1281 899 albo
1308 862 1372 899 alii

193 934 346 965 arsemi,
367 921 431 957 alii
451 924 617 965 morion,
638 921 703 957 alii
722 921 1036 971 hippophlomon
1056 927 1211 958 vocant.
1258 921 1373 958 huius

192 978 288 1016 folia
334 979 438 1023 alba,
486 979 682 1031 alterius?
726 980 870 1016 latiora
915 986 962 1017 ut
1007 979 1160 1030 lapathi
1208 982 1372 1016 sativae.

193 1037 370 1074 effossuri
391 1044 536 1075 cavent
557 1041 800 1075 contrarium
822 1044 987 1075 ventum
1009 1044 1052 1075 et
1072 1039 1199 1075 tribus
1220 1038 1374 1075 circulis

192 1102 287 1133 ante
338 1097 474 1147 gladio
526 1098 868 1141 circumscribunt,
919 1103 1062 1147 postea
1113 1096 1272 1134 fodiunt
1324 1097 1374 1134 ad

192 1169 376 1192 occasum
404 1162 647 1205 spectantes.
702 1169 818 1192 sucus
849 1156 893 1193 fit
923 1162 965 1193 et
994 1169 1016 1192 e
1045 1155 1159 1192 malis
1190 1161 1232 1192 et
1260 1155 1373 1192 caule

191 1213 324 1251 deciso
364 1218 569 1251 cacumine
610 1220 652 1251 et
691 1227 713 1251 e
751 1214 885 1251 radice
924 1217 1083 1264 punctis
1123 1220 1265 1264 aperta
1303 1220 1374 1251 aut

192 1272 369 1310 decocta.
425 1273 534 1310 utilis
554 1273 653 1310 haec
673 1273 736 1309 vel
756 1273 924 1310 surculo.
979 1276 1135 1310 concisa
1155 1285 1314 1323 quoque
1334 1275 1374 1309 in

191 1332 386 1369 orbiculos
421 1338 603 1369 servatur
636 1335 676 1368 in
711 1335 814 1368 vino.
869 1345 985 1368 sucus
1020 1345 1098 1368 non
1133 1332 1283 1381 ubique
1316 1334 1374 1367 in—

250 1421 260 1439 ¹
285 1420 391 1460 aliqui
411 1420 500 1451 codd.
518 1433 525 1451 ι
559 1421 693 1460 antiqui
714 1419 879 1460 Illayhoff,
902 1420 958 1460 qui
977 1420 1060 1460 537,
1081 1421 1133 1457 53,
1155 1421 1208 1456 57,
1230 1419 1300 1450 XX
1319 1420 1372 1456 52,

203 1462 331 1493 XXIII
348 1464 401 1499 97,
423 1464 494 1499 139,
512 1463 597 1493 alios
614 1463 698 1493 locos
715 1462 847 1503 confert.

246 1506 258 1524 ²
282 1505 401 1536 rufulis
422 1506 570 1545 plerique
591 1505 694 1541 codd„
716 1505 891 1545 Detlefsen,
914 1505 1071 1546 Mayhoff
1077 1517 1085 1542 3
1118 1506 1222 1546 nigris
1242 1505 1324 1536 foris
1345 1507 1374 1542 (e

200 1548 404 1587 Dioscoride)
425 1549 622 1579 Hermolaus
640 1548 819 1579 Barbarus.

244 1591 257 1610 ³
281 1591 360 1622 Post
378 1591 517 1622 alterius
535 1591 666 1631 supplet
685 1594 713 1629 (e
732 1591 936 1631 Dioscorida)
955 1591 1044 1622 foliis
1062 1590 1238 1631 Mayhoff:
1271 1600 1373 1631 quam

200 1633 339 1665 alterius
357 1634 554 1665 Hermolaus
570 1633 748 1665 Barbarus.

232 1783 247 1798 α
269 1779 451 1834 ll’Iayhoff’s
474 1779 689 1810 emendation
714 1779 825 1810 would
852 1789 949 1810 mean
977 1778 995 1790 “
1010 1778 1048 1810 of
1070 1779 1159 1815 old‚'’
1190 1778 1208 1790 “
1223 1779 1256 1810 in
1282 1779 1371 1819 early

187 1822 360 1896 dags-Yam
381 1865 458 1896 here
480 1875 587 1896 seems
608 1868 644 1895 to
666 1865 707 1895 be
728 1865 811 1896 used
831 1866 865 1895 in
887 1865 931 1895 its
953 1864 1083 1895 Plinian
1105 1874 1210 1900 sense,
1232 1864 1295 1894 but
1315 1863 1374 1895 the

188 1908 347 1948 ordinary
369 1909 526 1948 meaning
548 1907 586 1938 of
606 1907 625 1919 ‘⁶
639 1907 691 1938 for
706 1907 724 1919 ”
749 1907 860 1938 would
881 1911 943 1938 not
964 1907 1048 1947 spoil
1071 1907 1130 1937 the
1152 1907 1237 1947 logie
1259 1906 1297 1937 of
1314 1906 1374 1937 the

186 1961 336 2024 paffsfll‘liee
354 1977 566 2033 niqrisforis,
588 1992 709 2023 “black
728 1992 895 2028 outside‚’'
915 1992 954 2022 of
973 1992 1174 2023 Hermolaus
1192 1992 1372 2029 Barbarus,

187 2046 256 2066 was
273 2036 452 2076 suggested
471 2035 516 2076 by
535 2035 746 2067 Dioscorides
762 2035 821 2067 IV.
842 2037 893 2072 75,
912 2034 1060 2075 μέλαιναι
1079 2034 1162 2067 κατὰ
1180 2034 1240 2075 τὴν
1258 2033 1372 2075 ἐπιφά-

192 2108 262 2142 240
