1459 2288
103 293 144 323 52

103 771 144 802 53

372 132 567 169 PLINY:
613 132 876 170 NATURAL
910 133 1147 170 HISTORY

169 249 256 271 rum
289 237 418 284 gratia
452 235 502 271 ad
534 234 780 283 pervidenda
811 237 936 271 acrius
970 248 1072 284 quae
1105 241 1348 272 commenta-

170 289 317 325 bantur
345 291 502 337 saepius
532 290 868 336 sumptitaverint.
924 287 1158 324 Carneaden
1187 302 1348 338 respon-

170 355 303 377 surum
323 341 489 377 Zenonis
508 340 615 376 libris
635 340 657 361 ἦ
679 340 701 361 ÷÷
726 341 752 383 ,¹
772 340 947 377 Drusum
962 354 1120 390 quoque
1140 342 1246 391 apud
1264 355 1347 385 nos,

170 395 419 430 tribunorum
443 393 692 443 popularium
713 393 984 437 clarissimum,
1004 397 1065 430 cui
1082 400 1176 431 ante
1196 395 1348 431 omnis²

169 447 282 497 plebs
311 453 444 483 astans
473 446 632 495 plausit,
663 449 877 496 optimates
907 460 1000 483 vero
1028 447 1178 483 bellum
1209 447 1349 483 Marsi-

170 514 259 536 cum
280 503 528 549 imputavere,
549 505 706 536 constat
727 500 800 536 hoc
820 500 1114 537 medicamento
1135 500 1348 537 liberatum

169 553 358 589 comitiali
383 553 520 589 morbo
546 556 586 588 in
612 553 805 602 Anticyra
830 553 968 589 insula.
1023 554 1077 589 ibi
1104 556 1210 589 enim
1234 557 1349 590 tutis-

170 609 268 643 sime
313 609 494 649 sumitur,
540 608 741 655 quoniam,
787 611 833 642 ut
878 606 1063 649 diximus,
1109 607 1348 643 sesamoides

171 660 404 696 admiscent.
461 659 580 695 Italia
620 665 822 695 veratrum
864 665 990 696 vocat.
1044 658 1172 696 farina
1213 672 1349 696 eorum

168 726 240 762 per
267 725 309 749 sc
338 718 379 749 et
406 714 533 749 mixta
560 712 760 748 radiculae
788 725 867 761 qua
894 712 1002 749 lanas
1031 712 1201 749 diximus
1228 712 1349 749 lavari

171 771 493 802 sternumentum
530 764 639 808 facit,
677 766 875 814 amboque
912 779 1106 802 somnum.
1160 765 1349 816 leguntur

170 825 306 856 autem
326 821 582 855 tenuissimae
602 819 754 855 radices
775 819 995 868 brevesque
1017 832 1061 854 ac
1082 818 1193 855 velut
1212 819 1349 855 decur-

169 878 280 908 tatae
311 878 353 908 et
381 874 497 908 imae.
552 885 645 907 nam
675 885 842 915 summa,
873 885 975 920 quae
1007 878 1068 908 est
1097 874 1347 915 crassissima,

169 928 275 975 cepis
293 925 443 968 similis,
461 925 624 961 canibus
641 930 801 961 tantum
819 925 938 961 datur
954 927 1200 974 purgationis
1217 938 1346 961 causa.

170 981 323 1027 antiqui
338 978 513 1014 radicem
528 980 673 1014 cortice
689 991 809 1027 quam
825 981 1095 1014 carnosissimo
1110 978 1348 1028 seligebant,

169 1031 306 1081 quod³
335 1034 492 1067 tenuior
522 1034 765 1067 eximeretur
793 1031 970 1068 medulla
997 1054 1048 1058 ——
1076 1031 1177 1067 hanc
1206 1032 1349 1068 umidis

169 1087 353 1134 spongeis
393 1090 574 1134 opertam
613 1090 994 1134 turgescentemque
1034 1097 1107 1120 acu
1145 1087 1186 1120 in
1224 1084 1348 1134 longi-

168 1138 352 1174 tudinem
378 1137 597 1181 findebant,
623 1137 716 1174 dein
742 1137 807 1173 fila
831 1140 872 1174 in
898 1138 1039 1174 umbra
1063 1138 1264 1174 siccabant
1290 1137 1348 1174 his

168 1197 330 1228 utentes
370 1213 421 1218 —
461 1204 565 1227 nunc
605 1190 777 1227 ramulos
818 1193 922 1240 ipsos
965 1191 1014 1227 ab
1054 1191 1187 1227 radice
1229 1204 1348 1240 quam

168 1246 413 1294 gravissimi4
443 1246 596 1281 corticis
625 1247 682 1280 ita
710 1243 839 1280 dant.5
894 1247 1090 1293 optimum
1119 1244 1225 1294 quod
1260 1257 1348 1280 acre

220 1350 231 1368 ¹
254 1348 334 1379 Post
352 1347 444 1378 libris
463 1347 618 1378 excidisse
635 1357 669 1378 se
685 1357 725 1378 eo
741 1348 938 1389 purgavisse
954 1351 1049 1388 putat
1065 1347 1228 1388 Mayhoff.

218 1391 230 1410 ²
254 1391 363 1421 omnis
388 1390 427 1427 V,
453 1390 562 1431 Silli9‚
587 1390 761 1430 Detlefsen‚
788 1390 944 1430 Maylcoff
955 1403 962 1421 z
1001 1400 1117 1421 omnes
1141 1390 1234 1421 ceteri
1257 1390 1345 1421 codd.

175 1438 203 1465 et
220 1434 272 1464 vul
295 1458 302 1465 .

217 1477 230 1495 ³
255 1446 346 1516 qsimd
363 1476 425 1506 VR
441 1476 604 1516 Detlessen
620 1488 626 1507 ε
658 1486 724 1516 quo
741 1476 763 1507 d
779 1476 861 1516 ναῖς.
883 1475 1043 1515 JIaJshosf.

218 1521 231 1539 4
254 1520 444 1560 gravissimi
460 1519 561 1556 codd„
578 1518 676 1559 vulq„
693 1519 856 1559 Detlefsen
872 1531 878 1549 :
937 1519 1151 1559 grandissimi
1181 1519 1218 1550 C.
1235 1519 1276 1550 F.
1300 1520 1345 1551 W.

174 1562 316 1594 muller:
355 1563 554 1592 crassissimi
570 1562 733 1602 Mayhoff.

220 1605 232 1624 ⁵
257 1605 342 1636 dant
359 1604 521 1642 Gelenius,
539 1604 696 1645 ,lIaylzoff
708 1617 714 1635 :
745 1604 866 1636 dantes
882 1604 983 1642 codd„
1001 1603 1097 1645 vulq„
1115 1603 1287 1645 Detlessen.

213 1787 226 1801 '¹
248 1783 383 1813 Marcus
398 1782 515 1813 Livius
529 1782 672 1818 Drusus,
687 1782 824 1813 tribune
838 1782 877 1812 os
887 1781 945 1812 the
958 1781 1079 1822 people
1093 1782 1130 1812 91
1148 1790 1214 1812 B.c.

214 1824 227 1844 ¹²
249 1826 356 1857 There
383 1827 410 1856 is
431 1825 533 1856 much
555 1830 592 1856 to
614 1825 654 1856 be
676 1825 750 1855 said
771 1825 823 1855 for
843 1824 903 1855 the
922 1825 1062 1864 reading
1083 1834 1217 1855 omnes:
1254 1824 1273 1836 “
1287 1824 1346 1856 the

174 1879 347 1900 commons
380 1868 519 1909 greeted
551 1868 634 1898 with
667 1867 941 1908 unprecedented
973 1867 1171 1907 applause.'’
1218 1867 1253 1898 It
1285 1867 1346 1898 has

170 1916 286 1951 strong
304 1910 373 1942 MS.
393 1914 538 1951 support
557 1911 624 1941 and
643 1910 761 1941 makes
779 1910 945 1941 excellent
964 1921 1077 1946 sense;
1109 1920 1152 1941 on
1170 1909 1230 1940 the
1248 1910 1347 1941 other

171 1954 264 1985 hand
280 1965 300 1984 a
318 1954 425 1985 scribe
442 1953 555 1984 would
571 1953 644 1984 find
661 1953 719 1984 the
737 1954 945 1994 temptation
963 1963 1047 1993 very
1064 1956 1181 1993 strong
1197 1956 1234 1984 to
1251 1954 1346 1984 write

168 2007 280 2028 omnes
294 1997 341 2037 by
358 1997 506 2027 mistake
520 1996 574 2027 for
591 1997 700 2027 omnis
715 1996 803 2027 after
815 1999 900 2027 ante.

171 2070 238 2104 174
