<?xml version="1.0" encoding="UTF-8"?>
<!DOCTYPE html PUBLIC "-//W3C//DTD XHTML 1.0 Transitional//EN"
    "http://www.w3.org/TR/xhtml1/DTD/xhtml1-transitional.dtd">
<html xmlns="http://www.w3.org/1999/xhtml" xml:lang="en" lang="en">
 <head>
  <title>
</title>
<meta http-equiv="Content-Type" content="text/html;charset=utf-8" />
  <meta name='ocr-system' content='tesseract 3.04.00' />
  <meta name='ocr-capabilities' content='ocr_page ocr_carea ocr_par ocr_line ocrx_word'/>
</head>
<body>
  <div class='ocr_page' id='page_1' title='image "./naturalhistory07plinuoft_0368.png"; bbox 0 0 1459 2288; ppageno 0'>
   <div class='ocr_carea' id='block_1_1' title="bbox 102 558 161 588">
    <p class='ocr_par' dir='ltr' id='par_1_1' title="bbox 102 558 161 588">
     <span class='ocr_line' id='line_1_1' title="bbox 102 558 161 588; baseline 0 -1"><span class='ocrx_word' id='word_1_1' title='bbox 102 558 161 588; x_wconf 82' lang='lat'>112</span> 
     </span>
    </p>
   </div>
   <div class='ocr_carea' id='block_1_2' title="bbox 103 985 160 1016">
    <p class='ocr_par' dir='ltr' id='par_1_2' title="bbox 103 985 160 1016">
     <span class='ocr_line' id='line_1_2' title="bbox 103 985 160 1016; baseline 0.018 -1"><span class='ocrx_word' id='word_1_2' title='bbox 103 985 160 1016; x_wconf 82' lang='lat'>113</span> 
     </span>
    </p>
   </div>
   <div class='ocr_carea' id='block_1_3' title="bbox 390 183 1167 222">
    <p class='ocr_par' dir='ltr' id='par_1_3' title="bbox 390 183 1167 222">
     <span class='ocr_line' id='line_1_3' title="bbox 390 183 1167 222; baseline 0.003 -3"><span class='ocrx_word' id='word_1_3' title='bbox 390 183 585 221; x_wconf 88' lang='lat' dir='ltr'>PLINY:</span> <span class='ocrx_word' id='word_1_4' title='bbox 631 184 895 222; x_wconf 87' lang='lat' dir='ltr'><strong>NATURAL</strong></span> <span class='ocrx_word' id='word_1_5' title='bbox 929 184 1167 221; x_wconf 86' lang='lat' dir='ltr'>HISTORY</span> 
     </span>
    </p>
   </div>
   <div class='ocr_carea' id='block_1_4' title="bbox 188 287 1370 1191">
    <p class='ocr_par' dir='ltr' id='par_1_4' title="bbox 188 287 1370 977">
     <span class='ocr_line' id='line_1_4' title="bbox 191 287 1366 338; baseline 0.001 -14"><span class='ocrx_word' id='word_1_6' title='bbox 191 291 344 324; x_wconf 84' lang='lat' dir='ltr'>aizoum</span> <span class='ocrx_word' id='word_1_7' title='bbox 369 290 451 323; x_wconf 79' lang='lat' dir='ltr'>sive</span> <span class='ocrx_word' id='word_1_8' title='bbox 477 287 632 330; x_wconf 89' lang='lat' dir='ltr'>sedum,</span> <span class='ocrx_word' id='word_1_9' title='bbox 658 290 688 323; x_wconf 89' lang='lat' dir='ltr'>si</span> <span class='ocrx_word' id='word_1_10' title='bbox 713 287 937 324; x_wconf 86' lang='lat' dir='ltr'>involutum</span> <span class='ocrx_word' id='word_1_11' title='bbox 962 301 1095 337; x_wconf 87' lang='lat' dir='ltr'>panno</span> <span class='ocrx_word' id='word_1_12' title='bbox 1120 290 1233 338; x_wconf 86' lang='lat' dir='ltr'>nigro</span> <span class='ocrx_word' id='word_1_13' title='bbox 1258 291 1366 337; x_wconf 82' lang='lat' dir='ltr'>igno-</span> 
     </span>
     <span class='ocr_line' id='line_1_5' title="bbox 189 340 1369 390; baseline 0.001 -13"><span class='ocrx_word' id='word_1_14' title='bbox 189 344 313 377; x_wconf 84' lang='lat' dir='ltr'>rantis</span> <span class='ocrx_word' id='word_1_15' title='bbox 329 340 491 390; x_wconf 79' lang='lat' dir='ltr'>pulvino</span> <span class='ocrx_word' id='word_1_16' title='bbox 506 341 738 384; x_wconf 77' lang='lat' dir='ltr'><strong>subiciatur,</strong></span> <span class='ocrx_word' id='word_1_17' title='bbox 755 346 796 377; x_wconf 87' lang='lat' dir='ltr'>et</span> <span class='ocrx_word' id='word_1_18' title='bbox 813 340 1008 377; x_wconf 77' lang='lat' dir='ltr'>onothera</span> <span class='ocrx_word' id='word_1_19' title='bbox 1023 343 1105 378; x_wconf 89' lang='lat' dir='ltr'>sive</span> <span class='ocrx_word' id='word_1_20' title='bbox 1121 354 1256 385; x_wconf 81' lang='lat' dir='ltr'>onear,</span> <span class='ocrx_word' id='word_1_21' title='bbox 1272 341 1369 378; x_wconf 87' lang='lat' dir='ltr'>hila-</span> 
     </span>
     <span class='ocr_line' id='line_1_6' title="bbox 190 393 1368 444; baseline 0.001 -14"><span class='ocrx_word' id='word_1_22' title='bbox 190 397 354 430; x_wconf 92' lang='lat' dir='ltr'>ritatem</span> <span class='ocrx_word' id='word_1_23' title='bbox 395 393 580 430; x_wconf 82' lang='lat' dir='ltr'>adferens</span> <span class='ocrx_word' id='word_1_24' title='bbox 620 397 658 430; x_wconf 93' lang='lat' dir='ltr'>in</span> <span class='ocrx_word' id='word_1_25' title='bbox 701 397 805 437; x_wconf 87' lang='lat' dir='ltr'>vino,</span> <span class='ocrx_word' id='word_1_26' title='bbox 845 394 1084 444; x_wconf 83' lang='lat' dir='ltr'>amygdalae</span> <span class='ocrx_word' id='word_1_27' title='bbox 1125 393 1233 438; x_wconf 90' lang='lat' dir='ltr'>folio,</span> <span class='ocrx_word' id='word_1_28' title='bbox 1272 394 1368 431; x_wconf 87' lang='lat' dir='ltr'>flore</span> 
     </span>
     <span class='ocr_line' id='line_1_7' title="bbox 189 446 1368 497; baseline 0.001 -14"><span class='ocrx_word' id='word_1_29' title='bbox 189 460 365 490; x_wconf 86' lang='lat' dir='ltr'>rosaceo,</span> <span class='ocrx_word' id='word_1_30' title='bbox 390 446 594 490; x_wconf 83' lang='lat' dir='ltr'>fruticosa,</span> <span class='ocrx_word' id='word_1_31' title='bbox 619 447 739 497; x_wconf 83' lang='lat' dir='ltr'>longa</span> <span class='ocrx_word' id='word_1_32' title='bbox 763 447 896 484; x_wconf 83' lang='lat' dir='ltr'>radice</span> <span class='ocrx_word' id='word_1_33' title='bbox 923 453 978 490; x_wconf 89' lang='lat' dir='ltr'>et,</span> <span class='ocrx_word' id='word_1_34' title='bbox 1004 460 1095 484; x_wconf 92' lang='lat' dir='ltr'>cum</span> <span class='ocrx_word' id='word_1_35' title='bbox 1119 450 1268 484; x_wconf 89' lang='lat' dir='ltr'>siccata</span> <span class='ocrx_word' id='word_1_36' title='bbox 1293 454 1368 491; x_wconf 90' lang='lat' dir='ltr'>est,</span> 
     </span>
     <span class='ocr_line' id='line_1_8' title="bbox 189 500 1369 550; baseline 0.001 -14"><span class='ocrx_word' id='word_1_37' title='bbox 189 504 324 536; x_wconf 91' lang='lat' dir='ltr'>vinum</span> <span class='ocrx_word' id='word_1_38' title='bbox 345 500 493 537; x_wconf 88' lang='lat' dir='ltr'>olente.</span> <span class='ocrx_word' id='word_1_39' title='bbox 548 500 648 537; x_wconf 89' lang='lat' dir='ltr'>haec</span> <span class='ocrx_word' id='word_1_40' title='bbox 667 503 706 536; x_wconf 91' lang='lat' dir='ltr'>in</span> <span class='ocrx_word' id='word_1_41' title='bbox 726 506 824 550; x_wconf 88' lang='lat' dir='ltr'>potu</span> <span class='ocrx_word' id='word_1_42' title='bbox 845 501 941 537; x_wconf 86' lang='lat' dir='ltr'>data</span> <span class='ocrx_word' id='word_1_43' title='bbox 960 500 1064 537; x_wconf 89' lang='lat' dir='ltr'>feras</span> <span class='ocrx_word' id='word_1_44' title='bbox 1084 514 1244 550; x_wconf 90' lang='lat' dir='ltr'>quoque</span> <span class='ocrx_word' id='word_1_45' title='bbox 1263 504 1369 538; x_wconf 88' lang='lat' dir='ltr'>miti-</span> 
     </span>
     <span class='ocr_line' id='line_1_9' title="bbox 188 553 1369 603; baseline 0.002 -14"><span class='ocrx_word' id='word_1_46' title='bbox 188 560 271 603; x_wconf 85' lang='lat' dir='ltr'>gat.</span> <span class='ocrx_word' id='word_1_47' title='bbox 327 554 548 590; x_wconf 87' lang='lat' dir='ltr'>cruditates</span> <span class='ocrx_word' id='word_1_48' title='bbox 570 567 673 603; x_wconf 91' lang='lat' dir='ltr'>quae</span> <span class='ocrx_word' id='word_1_49' title='bbox 695 557 876 590; x_wconf 84' lang='lat' dir='ltr'>nausiam</span> <span class='ocrx_word' id='word_1_50' title='bbox 897 553 1050 590; x_wconf 87' lang='lat' dir='ltr'>faciunt</span> <span class='ocrx_word' id='word_1_51' title='bbox 1071 554 1219 603; x_wconf 87' lang='lat' dir='ltr'>digerit</span> <span class='ocrx_word' id='word_1_52' title='bbox 1239 560 1369 591; x_wconf 85' lang='lat' dir='ltr'>vetto-</span> 
     </span>
     <span class='ocr_line' id='line_1_10' title="bbox 189 606 1369 658; baseline 0.001 -15"><span class='ocrx_word' id='word_1_53' title='bbox 189 610 291 650; x_wconf 85' lang='lat' dir='ltr'>nica,</span> <span class='ocrx_word' id='word_1_54' title='bbox 314 607 457 643; x_wconf 89' lang='lat' dir='ltr'>eadem</span> <span class='ocrx_word' id='word_1_55' title='bbox 478 612 575 656; x_wconf 86' lang='lat' dir='ltr'>pota</span> <span class='ocrx_word' id='word_1_56' title='bbox 595 620 619 643; x_wconf 91' lang='lat' dir='ltr'>a</span> <span class='ocrx_word' id='word_1_57' title='bbox 639 620 739 643; x_wconf 90' lang='lat' dir='ltr'>cena</span> <span class='ocrx_word' id='word_1_58' title='bbox 759 610 1059 644; x_wconf 79' lang='lat' dir='ltr'>concoctionem</span> <span class='ocrx_word' id='word_1_59' title='bbox 1081 606 1192 651; x_wconf 85' lang='lat' dir='ltr'>facit,</span> <span class='ocrx_word' id='word_1_60' title='bbox 1212 610 1251 644; x_wconf 92' lang='lat' dir='ltr'>in</span> <span class='ocrx_word' id='word_1_61' title='bbox 1273 621 1369 658; x_wconf 89' lang='lat' dir='ltr'>oxy-</span> 
     </span>
     <span class='ocr_line' id='line_1_11' title="bbox 189 660 1369 711; baseline 0.001 -15"><span class='ocrx_word' id='word_1_62' title='bbox 189 660 336 697; x_wconf 82' lang='lat' dir='ltr'>melitis</span> <span class='ocrx_word' id='word_1_63' title='bbox 355 660 511 711; x_wconf 88' lang='lat' dir='ltr'>cyathis</span> <span class='ocrx_word' id='word_1_64' title='bbox 529 661 656 697; x_wconf 88' lang='lat' dir='ltr'>tribus</span> <span class='ocrx_word' id='word_1_65' title='bbox 675 660 889 697; x_wconf 83' lang='lat' dir='ltr'>drachmae</span> <span class='ocrx_word' id='word_1_66' title='bbox 908 660 1086 709; x_wconf 90' lang='lat' dir='ltr'>pondere</span> <span class='ocrx_word' id='word_1_67' title='bbox 1106 667 1148 697; x_wconf 88' lang='lat' dir='ltr'>et</span> <span class='ocrx_word' id='word_1_68' title='bbox 1166 661 1369 710; x_wconf 84' lang='lat' dir='ltr'>crapulam</span> 
     </span>
     <span class='ocr_line' id='line_1_12' title="bbox 188 714 1370 763; baseline 0.001 -13"><span class='ocrx_word' id='word_1_69' title='bbox 188 714 368 757; x_wconf 80' lang='lat' dir='ltr'>discutit,</span> <span class='ocrx_word' id='word_1_70' title='bbox 396 716 497 750; x_wconf 89' lang='lat' dir='ltr'>item</span> <span class='ocrx_word' id='word_1_71' title='bbox 525 716 730 763; x_wconf 86' lang='lat' dir='ltr'>agaricum</span> <span class='ocrx_word' id='word_1_72' title='bbox 758 720 849 763; x_wconf 89' lang='lat' dir='ltr'>post</span> <span class='ocrx_word' id='word_1_73' title='bbox 878 715 1011 750; x_wconf 89' lang='lat' dir='ltr'>cibum</span> <span class='ocrx_word' id='word_1_74' title='bbox 1039 717 1079 750; x_wconf 93' lang='lat' dir='ltr'>in</span> <span class='ocrx_word' id='word_1_75' title='bbox 1109 727 1214 763; x_wconf 89' lang='lat' dir='ltr'>aqua</span> <span class='ocrx_word' id='word_1_76' title='bbox 1241 714 1370 751; x_wconf 90' lang='lat' dir='ltr'>calida</span> 
     </span>
     <span class='ocr_line' id='line_1_13' title="bbox 189 767 1368 817; baseline 0.001 -14"><span class='ocrx_word' id='word_1_77' title='bbox 189 773 343 816; x_wconf 90' lang='lat' dir='ltr'>potum.</span> <span class='ocrx_word' id='word_1_78' title='bbox 398 767 600 817; x_wconf 82' lang='lat' dir='ltr'>paralysin</span> <span class='ocrx_word' id='word_1_79' title='bbox 642 770 847 804; x_wconf 72' lang='lat' dir='ltr'>vettonica</span> <span class='ocrx_word' id='word_1_80' title='bbox 887 780 1028 803; x_wconf 88' lang='lat' dir='ltr'>sanare</span> <span class='ocrx_word' id='word_1_81' title='bbox 1070 767 1229 811; x_wconf 86' lang='lat' dir='ltr'>dicitur,</span> <span class='ocrx_word' id='word_1_82' title='bbox 1269 770 1368 804; x_wconf 91' lang='lat' dir='ltr'>item</span> 
     </span>
     <span class='ocr_line' id='line_1_14' title="bbox 189 820 1368 870; baseline 0.001 -14"><span class='ocrx_word' id='word_1_83' title='bbox 189 820 336 857; x_wconf 87' lang='lat' dir='ltr'>hiberis</span> <span class='ocrx_word' id='word_1_84' title='bbox 359 826 405 857; x_wconf 89' lang='lat' dir='ltr'>ut</span> <span class='ocrx_word' id='word_1_85' title='bbox 427 820 581 857; x_wconf 84' lang='lat' dir='ltr'>dictum</span> <span class='ocrx_word' id='word_1_86' title='bbox 605 827 678 857; x_wconf 87' lang='lat' dir='ltr'>est.</span> <span class='ocrx_word' id='word_1_87' title='bbox 736 821 879 857; x_wconf 90' lang='lat' dir='ltr'>eadem</span> <span class='ocrx_word' id='word_1_88' title='bbox 903 826 945 857; x_wconf 85' lang='lat' dir='ltr'>et</span> <span class='ocrx_word' id='word_1_89' title='bbox 967 821 1222 870; x_wconf 90' lang='lat' dir='ltr'>torpentibus</span> <span class='ocrx_word' id='word_1_90' title='bbox 1244 834 1368 857; x_wconf 89' lang='lat' dir='ltr'>mem-</span> 
     </span>
     <span class='ocr_line' id='line_1_15' title="bbox 188 874 1367 924; baseline 0 -14"><span class='ocrx_word' id='word_1_91' title='bbox 188 874 268 910; x_wconf 90' lang='lat' dir='ltr'>bris</span> <span class='ocrx_word' id='word_1_92' title='bbox 301 874 480 923; x_wconf 89' lang='lat' dir='ltr'>prodest,</span> <span class='ocrx_word' id='word_1_93' title='bbox 513 877 612 910; x_wconf 92' lang='lat' dir='ltr'>item</span> <span class='ocrx_word' id='word_1_94' title='bbox 645 877 878 923; x_wconf 83' lang='lat' dir='ltr'>argemonia</span> <span class='ocrx_word' id='word_1_95' title='bbox 910 877 1044 910; x_wconf 91' lang='lat' dir='ltr'>omnia</span> <span class='ocrx_word' id='word_1_96' title='bbox 1076 887 1180 924; x_wconf 91' lang='lat' dir='ltr'>quae</span> <span class='ocrx_word' id='word_1_97' title='bbox 1197 874 1211 896; x_wconf 84' lang='lat'>¹</span> <span class='ocrx_word' id='word_1_98' title='bbox 1244 877 1367 911; x_wconf 88' lang='lat' dir='ltr'>secari</span> 
     </span>
     <span class='ocr_line' id='line_1_16' title="bbox 189 927 749 977; baseline 0 -14"><span class='ocrx_word' id='word_1_99' title='bbox 189 927 468 977; x_wconf 86' lang='lat' dir='ltr'>periclitentur</span> <span class='ocrx_word' id='word_1_100' title='bbox 484 927 749 964; x_wconf 89' lang='lat' dir='ltr'>discutiendo.</span> 
     </span>
    </p>

    <p class='ocr_par' dir='ltr' id='par_1_5' title="bbox 188 980 1369 1191">
     <span class='ocr_line' id='line_1_17' title="bbox 240 980 1369 1030; baseline 0.001 -14"><span class='ocrx_word' id='word_1_101' title='bbox 240 980 363 1016; x_wconf 88' lang='lat' dir='ltr'>LXX.</span> <span class='ocrx_word' id='word_1_102' title='bbox 394 980 626 1017; x_wconf 88' lang='lat' dir='ltr'>Comitiales</span> <span class='ocrx_word' id='word_1_103' title='bbox 649 987 842 1017; x_wconf 87' lang='lat' dir='ltr'>sanantur</span> <span class='ocrx_word' id='word_1_104' title='bbox 859 980 873 1003; x_wconf 83' lang='lat'><strong>²</strong></span> <span class='ocrx_word' id='word_1_105' title='bbox 895 983 1056 1030; x_wconf 85' lang='lat' dir='ltr'>panacis</span> <span class='ocrx_word' id='word_1_106' title='bbox 1075 980 1090 1003; x_wconf 85' lang='lat'>3</span> <span class='ocrx_word' id='word_1_107' title='bbox 1112 994 1232 1030; x_wconf 92' lang='lat' dir='ltr'>quam</span> <span class='ocrx_word' id='word_1_108' title='bbox 1255 980 1369 1017; x_wconf 88' lang='lat' dir='ltr'>hera-</span> 
     </span>
     <span class='ocr_line' id='line_1_18' title="bbox 188 1033 1368 1084; baseline 0 -14"><span class='ocrx_word' id='word_1_109' title='bbox 188 1036 290 1070; x_wconf 87' lang='lat' dir='ltr'>clion</span> <span class='ocrx_word' id='word_1_110' title='bbox 309 1034 481 1070; x_wconf 88' lang='lat' dir='ltr'>diximus</span> <span class='ocrx_word' id='word_1_111' title='bbox 500 1036 634 1070; x_wconf 86' lang='lat' dir='ltr'>radice</span> <span class='ocrx_word' id='word_1_112' title='bbox 651 1033 667 1056; x_wconf 81' lang='lat'>4</span> <span class='ocrx_word' id='word_1_113' title='bbox 685 1040 782 1083; x_wconf 92' lang='lat' dir='ltr'>pota</span> <span class='ocrx_word' id='word_1_114' title='bbox 801 1047 890 1070; x_wconf 91' lang='lat' dir='ltr'>cum</span> <span class='ocrx_word' id='word_1_115' title='bbox 909 1035 1076 1084; x_wconf 86' lang='lat' dir='ltr'>coagulo</span> <span class='ocrx_word' id='word_1_116' title='bbox 1096 1034 1209 1071; x_wconf 86' lang='lat' dir='ltr'>vituli</span> <span class='ocrx_word' id='word_1_117' title='bbox 1227 1037 1368 1071; x_wconf 88' lang='lat' dir='ltr'>marini</span> 
     </span>
     <span class='ocr_line' id='line_1_19' title="bbox 188 1087 1368 1138; baseline 0 -14"><span class='ocrx_word' id='word_1_118' title='bbox 188 1090 246 1124; x_wconf 89' lang='lat' dir='ltr'>ita</span> <span class='ocrx_word' id='word_1_119' title='bbox 264 1093 310 1124; x_wconf 89' lang='lat' dir='ltr'>ut</span> <span class='ocrx_word' id='word_1_120' title='bbox 329 1090 409 1124; x_wconf 88' lang='lat' dir='ltr'>sint</span> <span class='ocrx_word' id='word_1_121' title='bbox 428 1090 589 1136; x_wconf 86' lang='lat' dir='ltr'>panacis</span> <span class='ocrx_word' id='word_1_122' title='bbox 609 1093 691 1124; x_wconf 89' lang='lat' dir='ltr'>tres</span> <span class='ocrx_word' id='word_1_123' title='bbox 711 1093 859 1136; x_wconf 88' lang='lat' dir='ltr'>partes.</span> <span class='ocrx_word' id='word_1_124' title='bbox 915 1093 1031 1124; x_wconf 88' lang='lat' dir='ltr'>sanat</span> <span class='ocrx_word' id='word_1_125' title='bbox 1051 1093 1094 1124; x_wconf 88' lang='lat' dir='ltr'>et</span> <span class='ocrx_word' id='word_1_126' title='bbox 1110 1087 1125 1110; x_wconf 85' lang='lat'>5</span> <span class='ocrx_word' id='word_1_127' title='bbox 1144 1087 1337 1138; x_wconf 87' lang='lat' dir='ltr'>plantago</span> <span class='ocrx_word' id='word_1_128' title='bbox 1352 1088 1368 1111; x_wconf 77' lang='lat'>⁶</span> 
     </span>
     <span class='ocr_line' id='line_1_20' title="bbox 188 1140 1368 1191; baseline 0 -14"><span class='ocrx_word' id='word_1_129' title='bbox 188 1147 297 1190; x_wconf 88' lang='lat' dir='ltr'>pota,</span> <span class='ocrx_word' id='word_1_130' title='bbox 313 1143 518 1177; x_wconf 88' lang='lat' dir='ltr'>vettonica</span> <span class='ocrx_word' id='word_1_131' title='bbox 531 1143 571 1176; x_wconf 91' lang='lat' dir='ltr'>in</span> <span class='ocrx_word' id='word_1_132' title='bbox 587 1140 807 1190; x_wconf 85' lang='lat' dir='ltr'>oxymelite</span> <span class='ocrx_word' id='word_1_133' title='bbox 821 1141 835 1163; x_wconf 85' lang='lat'>⁷</span> <span class='ocrx_word' id='word_1_134' title='bbox 853 1141 1044 1177; x_wconf 86' lang='lat' dir='ltr'>drachma</span> <span class='ocrx_word' id='word_1_135' title='bbox 1059 1140 1121 1177; x_wconf 89' lang='lat' dir='ltr'>vel</span> <span class='ocrx_word' id='word_1_136' title='bbox 1137 1143 1338 1191; x_wconf 82' lang='lat' dir='ltr'>agaricum</span> <span class='ocrx_word' id='word_1_137' title='bbox 1352 1141 1368 1164; x_wconf 78' lang='lat'><strong>⁸</strong></span> 
     </span>
    </p>
   </div>
   <div class='ocr_carea' id='block_1_5' title="bbox 192 1241 1367 1711">
    <p class='ocr_par' dir='ltr' id='par_1_6' title="bbox 192 1241 1367 1368">
     <span class='ocr_line' id='line_1_21' title="bbox 238 1241 1366 1283; baseline 0.001 -10"><span class='ocrx_word' id='word_1_138' title='bbox 238 1243 249 1260; x_wconf 76' lang='lat'><em>¹</em></span> <span class='ocrx_word' id='word_1_139' title='bbox 274 1243 388 1273; x_wconf 92' lang='lat' dir='ltr'>omnia</span> <span class='ocrx_word' id='word_1_140' title='bbox 405 1252 491 1282; x_wconf 90' lang='lat' dir='ltr'>quae</span> <span class='ocrx_word' id='word_1_141' title='bbox 511 1242 542 1272; x_wconf 85' lang='lat' dir='ltr'>R</span> <span class='ocrx_word' id='word_1_142' title='bbox 559 1244 615 1281; x_wconf 69' lang='grc' dir='ltr'>(ἲ),</span> <span class='ocrx_word' id='word_1_143' title='bbox 633 1242 759 1273; x_wconf 76' lang='lat' dir='ltr'>Gelenii</span> <span class='ocrx_word' id='word_1_144' title='bbox 774 1242 872 1273; x_wconf 73' lang='lat' dir='ltr'>editio</span> <span class='ocrx_word' id='word_1_145' title='bbox 886 1241 1106 1279; x_wconf 72' lang='lat' dir='ltr'>Basileensis;</span> <span class='ocrx_word' id='word_1_146' title='bbox 1136 1244 1250 1273; x_wconf 87' lang='lat' dir='ltr'>omnia</span> <span class='ocrx_word' id='word_1_147' title='bbox 1267 1252 1366 1283; x_wconf 89' lang='lat' dir='ltr'>quae-</span> 
     </span>
     <span class='ocr_line' id='line_1_22' title="bbox 193 1285 1367 1326; baseline 0 -10"><span class='ocrx_word' id='word_1_148' title='bbox 193 1295 257 1325; x_wconf 86' lang='lat' dir='ltr'>que</span> <span class='ocrx_word' id='word_1_149' title='bbox 296 1285 378 1316; x_wconf 79' lang='lat' dir='ltr'>VdE</span> <span class='ocrx_word' id='word_1_150' title='bbox 396 1297 402 1316; x_wconf 89' lang='lat'><strong>:</strong></span> <span class='ocrx_word' id='word_1_151' title='bbox 450 1286 564 1316; x_wconf 89' lang='lat' dir='ltr'>omnia</span> <span class='ocrx_word' id='word_1_152' title='bbox 603 1295 778 1325; x_wconf 83' lang='lat' dir='ltr'>quaequae</span> <span class='ocrx_word' id='word_1_153' title='bbox 816 1285 979 1325; x_wconf 69' lang='lat' dir='ltr'>Detlessen</span> <span class='ocrx_word' id='word_1_154' title='bbox 995 1298 1001 1316; x_wconf 90' lang='lat'>:</span> <span class='ocrx_word' id='word_1_155' title='bbox 1049 1286 1241 1326; x_wconf 85' lang='lat' dir='ltr'>omniaque,</span> <span class='ocrx_word' id='word_1_156' title='bbox 1282 1295 1367 1326; x_wconf 88' lang='lat' dir='ltr'>quae</span> 
     </span>
     <span class='ocr_line' id='line_1_23' title="bbox 192 1327 455 1368; baseline 0.004 -10"><span class='ocrx_word' id='word_1_157' title='bbox 192 1328 233 1358; x_wconf 87' lang='lat' dir='ltr'><em>M</em></span> <span class='ocrx_word' id='word_1_158' title='bbox 234 1327 355 1368; x_wconf 69' lang='lat' dir='ltr'>aylcoff,</span> <span class='ocrx_word' id='word_1_159' title='bbox 373 1327 455 1367; x_wconf 74' lang='lat' dir='ltr'>vuly.</span> 
     </span>
    </p>

    <p class='ocr_par' dir='ltr' id='par_1_7' title="bbox 242 1370 1044 1410">
     <span class='ocr_line' id='line_1_24' title="bbox 242 1370 1044 1410; baseline 0.001 -9"><span class='ocrx_word' id='word_1_160' title='bbox 242 1372 254 1390; x_wconf 85' lang='lat'>²</span> <span class='ocrx_word' id='word_1_161' title='bbox 279 1374 444 1401; x_wconf 81' lang='lat' dir='ltr'>sanantur</span> <span class='ocrx_word' id='word_1_162' title='bbox 462 1371 515 1401; x_wconf 83' lang='lat' dir='ltr'>Vd</span> <span class='ocrx_word' id='word_1_163' title='bbox 534 1370 616 1410; x_wconf 62' lang='grc' dir='ltr'>ταῖς.</span> <span class='ocrx_word' id='word_1_164' title='bbox 635 1383 641 1401; x_wconf 89' lang='lat'>:</span> <span class='ocrx_word' id='word_1_165' title='bbox 674 1374 797 1401; x_wconf 82' lang='lat' dir='ltr'>sanant</span> <span class='ocrx_word' id='word_1_166' title='bbox 816 1370 937 1410; x_wconf 72' lang='lat' dir='ltr'>aliquot</span> <span class='ocrx_word' id='word_1_167' title='bbox 956 1371 1044 1402; x_wconf 87' lang='lat' dir='ltr'>codd.</span> 
     </span>
    </p>

    <p class='ocr_par' dir='ltr' id='par_1_8' title="bbox 243 1413 1157 1454">
     <span class='ocr_line' id='line_1_25' title="bbox 243 1413 1157 1454; baseline 0.001 -10"><span class='ocrx_word' id='word_1_168' title='bbox 243 1414 256 1432; x_wconf 83' lang='lat'>³</span> <span class='ocrx_word' id='word_1_169' title='bbox 278 1414 416 1454; x_wconf 83' lang='lat' dir='ltr'>panacis</span> <span class='ocrx_word' id='word_1_170' title='bbox 434 1413 535 1448; x_wconf 67' lang='lat' dir='ltr'>codd„</span> <span class='ocrx_word' id='word_1_171' title='bbox 554 1413 637 1452; x_wconf 61' lang='lat' dir='ltr'>vulg.</span> <span class='ocrx_word' id='word_1_172' title='bbox 655 1426 662 1444; x_wconf 78' lang='lat' dir='ltr'><em>z</em></span> <span class='ocrx_word' id='word_1_173' title='bbox 694 1424 839 1453; x_wconf 86' lang='lat' dir='ltr'>panaces</span> <span class='ocrx_word' id='word_1_174' title='bbox 857 1413 966 1453; x_wconf 65' lang='lat' dir='ltr'>Silliy,</span> <span class='ocrx_word' id='word_1_175' title='bbox 984 1413 1157 1454; x_wconf 77' lang='lat' dir='ltr'>Detlefsen.</span> 
     </span>
    </p>

    <p class='ocr_par' dir='ltr' id='par_1_9' title="bbox 241 1456 849 1495">
     <span class='ocr_line' id='line_1_26' title="bbox 241 1456 849 1495; baseline 0.002 -9"><span class='ocrx_word' id='word_1_176' title='bbox 241 1457 254 1475; x_wconf 77' lang='lat'>⁴²</span> <span class='ocrx_word' id='word_1_177' title='bbox 277 1456 389 1487; x_wconf 87' lang='lat' dir='ltr'>radice</span> <span class='ocrx_word' id='word_1_178' title='bbox 407 1456 493 1487; x_wconf 86' lang='lat' dir='ltr'>VRd</span> <span class='ocrx_word' id='word_1_179' title='bbox 511 1456 610 1495; x_wconf 70' lang='lat' dir='ltr'>Silliy</span> <span class='ocrx_word' id='word_1_180' title='bbox 625 1469 631 1486; x_wconf 90' lang='lat'>:</span> <span class='ocrx_word' id='word_1_181' title='bbox 664 1457 792 1487; x_wconf 84' lang='lat' dir='ltr'>radices</span> <span class='ocrx_word' id='word_1_182' title='bbox 810 1456 849 1487; x_wconf 87' lang='lat' dir='ltr'>E.</span> 
     </span>
    </p>

    <p class='ocr_par' dir='ltr' id='par_1_10' title="bbox 241 1499 1155 1539">
     <span class='ocr_line' id='line_1_27' title="bbox 241 1499 1155 1539; baseline 0.001 -10"><span class='ocrx_word' id='word_1_183' title='bbox 241 1499 253 1518; x_wconf 80' lang='lat'><strong>⁶</strong></span> <span class='ocrx_word' id='word_1_184' title='bbox 276 1502 376 1530; x_wconf 83' lang='lat' dir='ltr'>sanat</span> <span class='ocrx_word' id='word_1_185' title='bbox 394 1502 429 1530; x_wconf 88' lang='lat' dir='ltr'>et</span> <span class='ocrx_word' id='word_1_186' title='bbox 447 1509 500 1538; x_wconf 72' lang='lat' dir='ltr'>eqo</span> <span class='ocrx_word' id='word_1_187' title='bbox 518 1499 724 1539; x_wconf 64' lang='lat' dir='ltr'>trcznsposui3</span> <span class='ocrx_word' id='word_1_188' title='bbox 756 1503 829 1529; x_wconf 79' lang='lat' dir='ltr'>ante</span> <span class='ocrx_word' id='word_1_189' title='bbox 847 1499 1049 1530; x_wconf 85' lang='lat' dir='ltr'>arehezostis</span> <span class='ocrx_word' id='word_1_190' title='bbox 1068 1499 1155 1530; x_wconf 84' lang='lat' dir='ltr'>codd.</span> 
     </span>
    </p>

    <p class='ocr_par' dir='ltr' id='par_1_11' title="bbox 243 1541 980 1583">
     <span class='ocr_line' id='line_1_28' title="bbox 243 1541 980 1583; baseline 0.001 -11"><span class='ocrx_word' id='word_1_191' title='bbox 243 1543 255 1561; x_wconf 80' lang='lat'><strong>⁶</strong></span> <span class='ocrx_word' id='word_1_192' title='bbox 278 1542 440 1582; x_wconf 81' lang='lat' dir='ltr'>plantago</span> <span class='ocrx_word' id='word_1_193' title='bbox 458 1542 546 1572; x_wconf 83' lang='lat' dir='ltr'>codd.</span> <span class='ocrx_word' id='word_1_194' title='bbox 565 1554 571 1572; x_wconf 79' lang='lat' dir='ltr'>z</span> <span class='ocrx_word' id='word_1_195' title='bbox 602 1542 799 1583; x_wconf 78' lang='lat' dir='ltr'>plantagine</span> <span class='ocrx_word' id='word_1_196' title='bbox 818 1541 980 1582; x_wconf 74' lang='lat' dir='ltr'>Mayhoff.</span> 
     </span>
    </p>

    <p class='ocr_par' dir='ltr' id='par_1_12' title="bbox 244 1584 1261 1626">
     <span class='ocr_line' id='line_1_29' title="bbox 244 1584 1261 1626; baseline 0.001 -11"><span class='ocrx_word' id='word_1_197' title='bbox 244 1586 255 1603; x_wconf 89' lang='lat'>⁷</span> <span class='ocrx_word' id='word_1_198' title='bbox 279 1585 463 1625; x_wconf 81' lang='lat' dir='ltr'>oxymelite</span> <span class='ocrx_word' id='word_1_199' title='bbox 482 1584 635 1615; x_wconf 73' lang='lat' dir='ltr'>Gelenius</span> <span class='ocrx_word' id='word_1_200' title='bbox 651 1597 657 1615; x_wconf 93' lang='lat'><strong>:</strong></span> <span class='ocrx_word' id='word_1_201' title='bbox 690 1585 869 1626; x_wconf 82' lang='lat' dir='ltr'>oxymeliti</span> <span class='ocrx_word' id='word_1_202' title='bbox 886 1588 942 1615; x_wconf 76' lang='lat' dir='ltr'>aut</span> <span class='ocrx_word' id='word_1_203' title='bbox 960 1585 1155 1625; x_wconf 76' lang='lat' dir='ltr'>oxymelitis</span> <span class='ocrx_word' id='word_1_204' title='bbox 1173 1585 1261 1616; x_wconf 83' lang='lat' dir='ltr'>codd.</span> 
     </span>
    </p>

    <p class='ocr_par' dir='ltr' id='par_1_13' title="bbox 198 1627 1364 1711">
     <span class='ocr_line' id='line_1_30' title="bbox 243 1627 1364 1669; baseline 0.001 -11"><span class='ocrx_word' id='word_1_205' title='bbox 243 1628 254 1646; x_wconf 84' lang='lat'>⁸</span> <span class='ocrx_word' id='word_1_206' title='bbox 277 1628 449 1668; x_wconf 81' lang='lat' dir='ltr'>agaricum</span> <span class='ocrx_word' id='word_1_207' title='bbox 488 1627 640 1658; x_wconf 77' lang='lat' dir='ltr'>Gelenius</span> <span class='ocrx_word' id='word_1_208' title='bbox 656 1639 662 1658; x_wconf 93' lang='lat'>:</span> <span class='ocrx_word' id='word_1_209' title='bbox 715 1629 871 1668; x_wconf 85' lang='lat' dir='ltr'>agaricon</span> <span class='ocrx_word' id='word_1_210' title='bbox 910 1627 1008 1667; x_wconf 71' lang='lat' dir='ltr'>Silliq</span> <span class='ocrx_word' id='word_1_211' title='bbox 1023 1640 1029 1658; x_wconf 93' lang='lat'><strong>:</strong></span> <span class='ocrx_word' id='word_1_212' title='bbox 1082 1629 1215 1669; x_wconf 84' lang='lat' dir='ltr'>agarico</span> <span class='ocrx_word' id='word_1_213' title='bbox 1255 1628 1340 1659; x_wconf 82' lang='lat' dir='ltr'>VRd</span> <span class='ocrx_word' id='word_1_214' title='bbox 1356 1640 1364 1660; x_wconf 71' lang='grc' dir='ltr'>ε</span> 
     </span>
     <span class='ocr_line' id='line_1_31' title="bbox 198 1670 495 1711; baseline 0 -10"><span class='ocrx_word' id='word_1_215' title='bbox 198 1671 321 1711; x_wconf 82' lang='lat' dir='ltr'>agarici</span> <span class='ocrx_word' id='word_1_216' title='bbox 338 1670 365 1701; x_wconf 90' lang='lat' dir='ltr'>E</span> <span class='ocrx_word' id='word_1_217' title='bbox 381 1680 397 1700; x_wconf 90' lang='lat' dir='ltr'>r</span> <span class='ocrx_word' id='word_1_218' title='bbox 412 1670 495 1709; x_wconf 75' lang='lat' dir='ltr'><em>vulq.</em></span> 
     </span>
    </p>
   </div>
   <div class='ocr_carea' id='block_1_6' title="bbox 452 1763 1342 1771">
    <p class='ocr_par' dir='ltr' id='par_1_14' title="bbox 452 1763 1342 1771">
     <span class='ocr_line' id='line_1_32' title="bbox 452 1763 1342 1771; baseline 0 0"><span class='ocrx_word' id='word_1_219' title='bbox 452 1763 1342 1771; x_wconf 95' lang='lat' dir='ltr'> </span> 
     </span>
    </p>
   </div>
   <div class='ocr_carea' id='block_1_7' title="bbox 179 1834 1365 2047">
    <p class='ocr_par' dir='ltr' id='par_1_15' title="bbox 179 1834 1365 2047">
     <span class='ocr_line' id='line_1_33' title="bbox 225 1834 1363 1876; baseline 0 -10"><span class='ocrx_word' id='word_1_220' title='bbox 225 1839 240 1853; x_wconf 79' lang='lat'>‘¹</span> <span class='ocrx_word' id='word_1_221' title='bbox 264 1834 320 1871; x_wconf 90' lang='lat' dir='ltr'>Or,</span> <span class='ocrx_word' id='word_1_222' title='bbox 340 1834 359 1846; x_wconf 91' lang='lat'><strong>“</strong></span> <span class='ocrx_word' id='word_1_223' title='bbox 376 1834 519 1866; x_wconf 83' lang='lat' dir='ltr'>because</span> <span class='ocrx_word' id='word_1_224' title='bbox 536 1834 640 1865; x_wconf 85' lang='lat' dir='ltr'>taken</span> <span class='ocrx_word' id='word_1_225' title='bbox 656 1836 691 1865; x_wconf 92' lang='lat' dir='ltr'>in</span> <span class='ocrx_word' id='word_1_226' title='bbox 708 1836 794 1866; x_wconf 85' lang='lat' dir='ltr'>wine</span> <span class='ocrx_word' id='word_1_227' title='bbox 810 1836 838 1865; x_wconf 85' lang='lat' dir='ltr'>it</span> <span class='ocrx_word' id='word_1_228' title='bbox 859 1835 984 1876; x_wconf 83' lang='lat' dir='ltr'>dispels</span> <span class='ocrx_word' id='word_1_229' title='bbox 1008 1834 1238 1876; x_wconf 85' lang='lat' dir='ltr'>depression.&#39;’</span> <span class='ocrx_word' id='word_1_230' title='bbox 1286 1835 1363 1866; x_wconf 92' lang='lat' dir='ltr'>Per-</span> 
     </span>
     <span class='ocr_line' id='line_1_34' title="bbox 180 1877 1365 1918; baseline 0.001 -10"><span class='ocrx_word' id='word_1_231' title='bbox 180 1877 265 1917; x_wconf 87' lang='lat' dir='ltr'>haps</span> <span class='ocrx_word' id='word_1_232' title='bbox 291 1877 390 1918; x_wconf 87' lang='lat' dir='ltr'>Pliny</span> <span class='ocrx_word' id='word_1_233' title='bbox 414 1877 514 1908; x_wconf 87' lang='lat' dir='ltr'>knew</span> <span class='ocrx_word' id='word_1_234' title='bbox 541 1877 619 1908; x_wconf 84' lang='lat' dir='ltr'>that</span> <span class='ocrx_word' id='word_1_235' title='bbox 646 1877 841 1917; x_wconf 76' lang='lat' dir='ltr'>depression</span> <span class='ocrx_word' id='word_1_236' title='bbox 870 1888 938 1908; x_wconf 81' lang='lat' dir='ltr'>was</span> <span class='ocrx_word' id='word_1_237' title='bbox 965 1888 985 1908; x_wconf 88' lang='lat' dir='ltr'>a</span> <span class='ocrx_word' id='word_1_238' title='bbox 1014 1887 1171 1909; x_wconf 87' lang='lat' dir='ltr'>common</span> <span class='ocrx_word' id='word_1_239' title='bbox 1200 1887 1300 1909; x_wconf 83' lang='lat' dir='ltr'>cause</span> <span class='ocrx_word' id='word_1_240' title='bbox 1327 1878 1365 1909; x_wconf 82' lang='lat' dir='ltr'>of</span> 
     </span>
     <span class='ocr_line' id='line_1_35' title="bbox 179 1920 1362 1969; baseline 0.002 -19"><span class='ocrx_word' id='word_1_241' title='bbox 179 1920 501 1960; x_wconf 82' lang='lat' dir='ltr'>sleeplessness.1n</span> <span class='ocrx_word' id='word_1_242' title='bbox 519 1931 587 1969; x_wconf 88' lang='lat' dir='ltr'>any</span> <span class='ocrx_word' id='word_1_243' title='bbox 605 1931 679 1951; x_wconf 87' lang='lat' dir='ltr'>case</span> <span class='ocrx_word' id='word_1_244' title='bbox 696 1922 724 1951; x_wconf 83' lang='lat' dir='ltr'>it</span> <span class='ocrx_word' id='word_1_245' title='bbox 741 1922 768 1951; x_wconf 88' lang='lat' dir='ltr'>is</span> <span class='ocrx_word' id='word_1_246' title='bbox 785 1931 804 1951; x_wconf 92' lang='lat' dir='ltr'>a</span> <span class='ocrx_word' id='word_1_247' title='bbox 821 1924 958 1962; x_wconf 84' lang='lat' dir='ltr'>strange</span> <span class='ocrx_word' id='word_1_248' title='bbox 975 1921 1097 1962; x_wconf 84' lang='lat' dir='ltr'>phrase</span> <span class='ocrx_word' id='word_1_249' title='bbox 1114 1924 1150 1952; x_wconf 83' lang='lat' dir='ltr'>to</span> <span class='ocrx_word' id='word_1_250' title='bbox 1167 1921 1208 1952; x_wconf 94' lang='lat' dir='ltr'>be</span> <span class='ocrx_word' id='word_1_251' title='bbox 1225 1921 1362 1962; x_wconf 88' lang='lat' dir='ltr'>applied</span> 
     </span>
     <span class='ocr_line' id='line_1_36' title="bbox 181 1948 1362 2004; baseline 0.001 -10"><span class='ocrx_word' id='word_1_252' title='bbox 181 1967 217 1994; x_wconf 91' lang='lat' dir='ltr'>to</span> <span class='ocrx_word' id='word_1_253' title='bbox 233 1974 253 1994; x_wconf 83' lang='lat' dir='ltr'>a</span> <span class='ocrx_word' id='word_1_254' title='bbox 270 1974 347 1994; x_wconf 88' lang='lat' dir='ltr'>cure</span> <span class='ocrx_word' id='word_1_255' title='bbox 364 1963 438 1994; x_wconf 66' lang='lat' dir='ltr'>for*</span> <span class='ocrx_word' id='word_1_256' title='bbox 430 1964 610 2000; x_wconf 84' lang='lat' dir='ltr'>insomnia,</span> <span class='ocrx_word' id='word_1_257' title='bbox 631 1963 796 2004; x_wconf 81' lang='lat' dir='ltr'>although</span> <span class='ocrx_word' id='word_1_258' title='bbox 816 1948 938 1994; x_wconf 70' lang='lat' dir='ltr'>there0</span> <span class='ocrx_word' id='word_1_259' title='bbox 931 1974 992 1994; x_wconf 82' lang='lat' dir='ltr'>can</span> <span class='ocrx_word' id='word_1_260' title='bbox 1011 1964 1051 1994; x_wconf 89' lang='lat' dir='ltr'>be</span> <span class='ocrx_word' id='word_1_261' title='bbox 1068 1974 1112 1995; x_wconf 93' lang='lat' dir='ltr'>no</span> <span class='ocrx_word' id='word_1_262' title='bbox 1129 1963 1239 1995; x_wconf 90' lang='lat' dir='ltr'>doubt</span> <span class='ocrx_word' id='word_1_263' title='bbox 1255 1964 1362 1995; x_wconf 80' lang='lat' dir='ltr'>about</span> 
     </span>
     <span class='ocr_line' id='line_1_37' title="bbox 179 2006 1363 2047; baseline 0.002 -11"><span class='ocrx_word' id='word_1_264' title='bbox 179 2007 238 2037; x_wconf 85' lang='lat' dir='ltr'>the</span> <span class='ocrx_word' id='word_1_265' title='bbox 268 2006 417 2047; x_wconf 83' lang='lat' dir='ltr'>reading,</span> <span class='ocrx_word' id='word_1_266' title='bbox 447 2006 498 2037; x_wconf 83' lang='lat' dir='ltr'>for</span> <span class='ocrx_word' id='word_1_267' title='bbox 528 2006 783 2047; x_wconf 84' lang='lat' dir='ltr'>Theophrastus</span> <span class='ocrx_word' id='word_1_268' title='bbox 814 2007 874 2037; x_wconf 85' lang='lat' dir='ltr'>has</span> <span class='ocrx_word' id='word_1_269' title='bbox 903 2006 970 2046; x_wconf 91' lang='grc' dir='ltr'>(ΙΧ</span> <span class='ocrx_word' id='word_1_270' title='bbox 1003 2008 1042 2038; x_wconf 85' lang='grc'>19</span> <span class='ocrx_word' id='word_1_271' title='bbox 1068 2008 1082 2045; x_wconf 84' lang='lat'>§</span> <span class='ocrx_word' id='word_1_272' title='bbox 1114 2006 1218 2047; x_wconf 82' lang='grc' dir='ltr'>1);ἡ</span> <span class='ocrx_word' id='word_1_273' title='bbox 1245 2006 1279 2039; x_wconf 87' lang='grc' dir='ltr'>δὲ</span> <span class='ocrx_word' id='word_1_274' title='bbox 1306 2010 1363 2038; x_wconf 85' lang='grc' dir='ltr'>τοῦ</span> 
     </span>
    </p>
   </div>
   <div class='ocr_carea' id='block_1_8' title="bbox 180 2047 1362 2090">
    <p class='ocr_par' dir='ltr' id='par_1_16' title="bbox 180 2047 1362 2090">
     <span class='ocr_line' id='line_1_38' title="bbox 180 2047 1362 2090; baseline 0.003 -11"><span class='ocrx_word' id='word_1_275' title='bbox 180 2048 317 2089; x_wconf 87' lang='grc' dir='ltr'>ὀνοθήρα</span> <span class='ocrx_word' id='word_1_276' title='bbox 337 2048 409 2089; x_wconf 85' lang='grc' dir='ltr'>ῥίζα</span> <span class='ocrx_word' id='word_1_277' title='bbox 426 2048 554 2080; x_wconf 86' lang='grc' dir='ltr'>δοθεῖσα</span> <span class='ocrx_word' id='word_1_278' title='bbox 578 2048 611 2080; x_wconf 89' lang='grc' dir='ltr'>ἐν</span> <span class='ocrx_word' id='word_1_279' title='bbox 628 2048 705 2090; x_wconf 82' lang='grc' dir='ltr'>οἴνῳ</span> <span class='ocrx_word' id='word_1_280' title='bbox 731 2049 908 2090; x_wconf 86' lang='grc' dir='ltr'>πρᾳότερον</span> <span class='ocrx_word' id='word_1_281' title='bbox 931 2047 984 2081; x_wconf 85' lang='grc' dir='ltr'>καὶ</span> <span class='ocrx_word' id='word_1_282' title='bbox 1007 2048 1200 2089; x_wconf 86' lang='grc' dir='ltr'>ἱλαρώτερον</span> <span class='ocrx_word' id='word_1_283' title='bbox 1219 2052 1306 2081; x_wconf 85' lang='grc' dir='ltr'>ποιεῖ</span> <span class='ocrx_word' id='word_1_284' title='bbox 1324 2050 1362 2082; x_wconf 85' lang='grc' dir='ltr'>τὸ</span> 
     </span>
    </p>
   </div>
   <div class='ocr_carea' id='block_1_9' title="bbox 185 2111 254 2158">
    <p class='ocr_par' dir='ltr' id='par_1_17' title="bbox 185 2111 254 2158">
     <span class='ocr_line' id='line_1_39' title="bbox 185 2111 254 2158; baseline -0.029 0"><span class='ocrx_word' id='word_1_285' title='bbox 185 2111 254 2158; x_wconf 87' lang='lat'>348</span> 
     </span>
    </p>
   </div>
  </div>
 </body>
</html>
