1459 2288
124 333 164 364 58

122 707 163 736 59

124 1183 165 1214 60

125 1502 161 1531 61

396 121 589 157 PLINY:
637 120 898 157 NATURAL
932 120 1167 157 HISTORY

191 235 277 258 rum
293 235 315 257 a
329 221 429 257 falce
443 221 648 258 distillans.
704 234 753 257 ex
768 220 826 257 his
843 234 936 270 ergo
951 221 1090 270 aliquis
1105 234 1194 256 cum
1209 234 1368 257 rosaceo

192 278 232 311 in
252 275 386 325 calyce
407 277 538 323 punici
560 274 750 310 calfactus
772 275 931 310 auribus
951 273 1175 310 infunditur
1193 273 1255 310 vel
1276 273 1368 310 folia

191 334 303 364 cocta
335 333 377 364 et
407 341 497 364 cum
530 341 619 364 cera
650 330 746 364 trita
777 327 1066 376 imponuntur.l
1118 329 1216 363 item
1248 327 1368 376 poda-

190 383 306 431 gricis
332 383 477 417 cortice
505 386 546 417 et
572 380 672 417 foliis
698 383 738 416 in
764 383 853 417 vino
879 380 1053 417 decoctis
1078 379 1202 416 foveri
1229 393 1368 416 nervos

191 434 456 470 utilissimum.
510 433 580 470 flos
601 437 719 470 tritus
740 447 830 470 cum
851 433 951 469 foliis
972 433 1144 469 furfures
1163 439 1310 483 purgat
1328 435 1367 469 in

190 487 304 523 facie.
359 487 451 524 folia
469 489 640 523 contrita
658 493 700 523 et
717 492 811 536 pota
828 488 1181 536 intemperantiam
1197 486 1368 522 libidinis

190 546 375 577 coercent
416 546 538 589 atque
577 543 617 576 in
656 546 788 576 totum
829 539 1017 576 auferunt
1056 553 1171 576 usum
1211 542 1368 588 saepius

191 599 363 642 sumpta.
404 594 618 629 Amcrinae
637 596 773 643 nigrae
792 606 929 629 semen
947 606 1036 629 curn
1055 605 1195 642 spuma
1213 595 1368 643 argenti

191 650 274 696 pari
298 647 474 695 pondere
499 660 520 682 a
542 646 686 683 balneo
709 646 869 682 inlitum
893 646 1100 695 psilotrum
1125 651 1196 682 est.

242 700 472 736 XXXVIII.
503 700 591 736 Non
606 700 777 736 multum
795 713 817 735 a
833 699 949 735 salice
966 699 1134 735 vitilium
1150 712 1224 735 usu
1243 698 1367 735 distat

191 756 313 796 vitex,
341 753 525 789 foliorum
553 765 712 802 quoque
740 753 946 801 adspectu,
972 754 1046 788 nisi
1073 752 1192 789 odore
1219 754 1368 801 gratior

192 812 309 842 esset.
365 806 506 842 Graeci
538 806 659 856 lygon
691 811 846 848 vocant,
879 805 973 841 alias
1006 819 1150 855 agnon,
1182 807 1368 854 quoniam

190 865 397 895 matronae
435 859 754 908 Thesmophoriis
792 858 1100 895 Atheniensium
1139 860 1366 894 castitatem

190 912 462 948 custodientes
499 912 558 948 his
595 912 695 948 foliis
732 913 889 948 cubitus
927 912 999 947 sibi
1037 917 1234 947 sternunt.
1289 910 1368 947 duo

190 978 339 1015 genera
358 968 463 1001 eius:
495 968 620 1001 maior
636 968 675 1001 in
695 966 875 1001 arborem
895 965 1020 1000 salicis
1038 964 1156 1001 modo
1175 964 1367 1013 adsurgit,

190 1021 318 1054 minor
372 1032 539 1061 ramosa,
597 1018 697 1054 foliis
754 1018 1059 1060 candidioribus,
1113 1017 1366 1067 lanuginosis.

190 1075 316 1121 prima
347 1072 480 1108 album
510 1071 646 1108 florem
676 1074 802 1107 mittit
831 1085 921 1107 cum
951 1083 1164 1120 purpureo,
1194 1083 1296 1119 quae
1327 1075 1367 1106 et

191 1125 359 1161 candida
398 1131 574 1167 vocatur,
614 1127 726 1174 nigra
767 1137 869 1173 quae
911 1130 1069 1160 tantum
1109 1136 1366 1173 purpureum.

192 1184 408 1214 nascuntur
430 1181 469 1214 in
492 1178 732 1227 palustribus
755 1180 915 1226 campis.
970 1189 1107 1213 semen
1129 1182 1268 1226 potum
1290 1179 1367 1212 vini

192 1231 393 1280 quendam
414 1244 595 1280 saporem
615 1231 739 1267 habet
761 1237 801 1267 et
822 1231 966 1267 dicitur
986 1230 1117 1266 febres
1139 1230 1290 1266 solvere
1312 1235 1366 1272 et,

191 1298 281 1321 cum
305 1291 536 1334 unguantur
559 1284 646 1320 oleo
671 1284 863 1320 admixto.
888 1284 1072 1320 sudorem
1097 1282 1243 1326 facere,
1267 1285 1368 1319 sicut

192 1337 465 1374 lassitudinem
503 1337 728 1374 dissolvere.
783 1339 936 1373 urinam
974 1339 1081 1373 cient
1119 1342 1161 1372 et
1196 1348 1366 1372 menses.

192 1396 313 1440 caput
352 1396 557 1440 temptant
595 1393 672 1426 vini
712 1390 975 1427 modo—nam
1015 1395 1057 1426 et
1096 1389 1192 1426 odor
1231 1388 1366 1425 similis

193 1450 252 1480 est
268 1443 558 1480 2——inflationes
584 1444 738 1493 pellunt
763 1446 803 1479 in
827 1443 1027 1486 inferiora,
1053 1442 1184 1479 alvum
1209 1445 1368 1485 sistunt,

192 1497 415 1547 hydropicis
445 1503 486 1533 et
512 1497 681 1533 lienibus
708 1510 901 1546 perquam
930 1496 1059 1532 utiles.
1113 1495 1225 1532 lactis
1253 1496 1368 1532 uber-

193 1556 320 1587 tatem
371 1550 535 1594 faciunt,
586 1550 846 1587 adversantur
895 1552 1057 1586 venenis
1107 1551 1367 1598 serpentium,

246 1652 257 1670 ¹
280 1651 300 1681 I
303 1656 333 1682 ta
351 1651 425 1682 dist.
440 1651 604 1691 sssayhoff,
619 1651 842 1682 Dioscoridem
858 1655 886 1681 el
898 1652 1055 1681 Serenum
1071 1654 1209 1681 secutus.
1234 1650 1367 1680 Comma

199 1699 269 1734 post
287 1695 519 1734 imponuntur,
540 1698 697 1734 punctam
716 1699 785 1733 pos!
804 1693 994 1734 podagricis
1012 1692 1185 1734 Deilefsen.

244 1739 255 1757 ²
280 1743 331 1767 est
351 1748 424 1768 cnm
445 1737 546 1768 tribus
565 1737 654 1768 codd.
675 1736 861 1775 Dellefsen:
890 1740 924 1767 et
939 1746 1011 1767 cum
1031 1736 1155 1767 duobus
1170 1735 1283 1775 Silliq:
1317 1739 1368 1766 set

198 1780 362 1820 Mayhosf.

239 1902 254 1917 ‘²
278 1898 333 1934 Or,
353 1898 371 1910 “
387 1898 473 1928 from
487 1898 506 1911 ”
524 1908 561 1928 or
579 1897 698 1929 “after
713 1897 846 1938 using.'‘
893 1897 943 1929 Cf.
960 1908 979 1927 a
998 1896 1110 1928 balneo
1126 1898 1140 1936 ξ
1156 1898 1208 1929 58.

241 1941 254 1960 ⁶
276 1941 346 1972 The
364 1941 473 1981 plural
491 1940 572 1971 verb
589 1950 696 1971 seems
713 1944 750 1971 to
768 1940 874 1981 imply
891 1939 969 1970 that
986 1939 1095 1970 either
1111 1939 1193 1970 kind
1210 1938 1249 1970 of
1261 1949 1367 1980 agnus

194 1995 273 2024 may
291 1984 331 2015 be
348 1984 440 2016 used.

197 2047 242 2090 46
