1459 2288
133 403 173 434 25

133 721 174 751 26

134 1041 173 1071 27

135 1574 176 1604 28

399 186 595 224 PLINY:
642 187 905 224 NATURAL
939 187 1176 224 HISTORY

199 292 454 342 peculiariter
490 293 708 340 inponitur,
746 293 843 327 item
882 290 1064 327 verendis
1102 291 1378 340 ulceribusque

199 359 289 382 cum
307 344 435 381 farina
452 343 675 381 hordeacia.
730 357 844 380 sucus
864 346 947 380 eius
967 344 1125 380 auribus
1143 343 1378 380 infunditur.

251 398 321 434 IX.
351 397 600 434 Androsaces
623 397 749 434 herba
773 403 833 434 est
858 397 961 440 alba,
986 410 1132 440 amara,
1156 400 1240 434 sine
1263 396 1379 440 foliis,

200 450 394 488 folliculos
418 453 459 487 in
483 453 589 487 cirris
613 450 765 487 habens
791 456 833 486 et
856 453 897 486 in
920 450 979 486 his
1005 463 1153 486 semen.
1208 453 1381 487 nascitur

202 507 241 541 in
293 506 501 541 maritimis
552 503 690 554 Syriae
741 506 927 540 maxime.
982 503 1101 540 datur
1151 503 1376 553 hydropicis

200 557 396 594 drachmis
419 557 573 593 duabus
596 563 688 593 tusa
710 563 780 593 aut
803 556 969 593 decocta
990 559 1031 592 in
1054 569 1158 605 aqua
1180 556 1244 593 vel
1266 562 1381 594 aceto

200 611 262 647 vel
293 613 396 647 vino.
450 609 712 646 vehementer
743 612 850 646 enim
881 612 1012 646 urinas
1044 612 1135 646 ciet.
1189 609 1308 646 datur
1339 615 1381 646 et

201 664 421 714 podagricis
439 663 713 712 inliniturque.
767 663 874 699 idem
895 661 1058 699 effectus
1079 669 1121 699 et
1140 665 1312 699 seminis.

250 717 298 753 X.
328 717 632 753 Androsaemon
654 719 749 759 sive,
771 722 817 753 ut
839 716 905 752 alii
928 715 1194 765 appellavere,
1217 729 1381 766 ascyron

200 784 280 807 non
301 770 480 807 absimile
503 776 563 806 est
583 769 785 819 hyperico,
806 769 856 806 de
878 782 957 818 qua
976 769 1161 812 diximus,
1181 769 1381 806 cauliculis

200 824 414 860 maioribus
433 823 761 872 densioribusque
782 829 823 860 et
842 825 968 872 magis
986 823 1233 859 rubentibus.
1287 821 1382 859 folia

203 877 294 914 alba
328 883 444 913 rutae
481 876 621 926 figura,
658 889 795 912 semen
831 878 1038 925 papaveris
1074 878 1188 925 nigri.
1242 888 1379 912 comae

200 933 320 967 tritae
352 933 571 979 sanguineo
601 943 694 966 suco
723 935 901 965 manant.
957 928 1054 965 odor
1084 932 1140 965 eis
1169 931 1380 965 resinosus.

200 986 379 1033 gignitur
415 986 456 1019 in
493 985 632 1026 vineis,
670 981 754 1019 fere
792 982 926 1018 medio
965 988 1157 1019 autumno
1195 981 1383 1018 effoditur

199 1036 549 1086 suspenditurque.
603 1049 696 1072 usus
731 1035 782 1072 ad
815 1035 1066 1085 purgandam
1100 1035 1232 1072 alvum
1265 1041 1380 1072 tusae

202 1104 291 1127 cum
320 1092 471 1126 semine
500 1095 702 1139 potaeque
730 1091 931 1126 matutino
958 1089 1022 1125 vel
1050 1102 1074 1125 a
1101 1101 1201 1125 cena
1227 1088 1381 1125 duabus

201 1143 397 1180 drachmis
432 1145 473 1179 in
509 1156 613 1192 aqua
647 1142 776 1178 mulsa
812 1142 873 1178 vel
908 1144 998 1179 vino
1033 1141 1097 1178 vel
1131 1155 1236 1191 aqua
1268 1155 1381 1191 pura,

201 1199 374 1246 potionis
429 1198 554 1233 totius
609 1198 795 1232 sextario.
849 1195 973 1232 trahit
1026 1195 1163 1238 bilem,
1215 1194 1380 1244 prodest

203 1250 367 1286 ischiadi
396 1252 584 1293 maxime,
614 1249 685 1286 sed
714 1254 875 1298 postera
904 1249 969 1285 die
1000 1251 1178 1297 capparis
1207 1248 1382 1285 radicem

202 1306 356 1340 resinae
410 1305 655 1352 permixtam
708 1302 898 1338 devorare
954 1308 1113 1351 oportet
1167 1301 1379 1338 drachmae

205 1356 397 1405 pondere,
444 1358 673 1405 iterumque
721 1355 935 1404 quadridui
979 1354 1193 1391 intervallo
1238 1354 1381 1391 eadem

203 1410 348 1453 facere,
377 1423 401 1446 a
429 1412 668 1459 purgatione
699 1415 835 1445 autem
864 1411 949 1458 ipsa
976 1409 1218 1445 robustiores
1246 1411 1381 1444 vinum

202 1464 354 1507 bibere,
375 1463 608 1499 infirmiores
632 1475 788 1511 aquam.
842 1464 1046 1511 inponitur
1068 1468 1110 1498 et
1131 1461 1316 1511 podagris
1340 1467 1381 1498 et

203 1517 395 1553 ambustis
417 1522 459 1553 et
478 1516 703 1552 volneribus
724 1515 911 1551 cohibens
932 1517 1178 1564 sanguinem.

250 1570 320 1606 XI.
351 1570 562 1606 Ambrosia
590 1571 679 1618 vagi
713 1571 881 1605 nominis
913 1575 955 1605 et
983 1571 1085 1604 circa
1113 1568 1209 1604 alias
1238 1567 1381 1604 herbas

202 1622 384 1660 fluctuati
422 1636 544 1659 unam
586 1622 711 1659 habet
749 1627 914 1664 certam,
953 1621 1132 1665 densam,
1170 1634 1380 1664 ramosam,

247 1733 262 1747 ⁰
285 1728 345 1759 See
363 1727 483 1759 XXVI
500 1728 514 1767 ξ
531 1729 583 1758 85.

247 1771 259 1790 ¹⁵
282 1771 317 1802 It
335 1781 444 1802 seems
462 1770 639 1801 uncertain
657 1769 810 1801 whether
828 1769 896 1800 this
915 1772 1073 1801 sentence
1092 1768 1221 1810 applies
1240 1772 1277 1800 to
1296 1767 1380 1800 both

202 1814 262 1846 the
278 1814 459 1855 preceding
476 1813 628 1844 remarks
645 1823 683 1844 or
699 1812 780 1853 only
797 1816 834 1843 to
851 1812 910 1843 the
927 1812 1041 1843 latter.
1087 1812 1207 1848 Littr6‚
1225 1811 1381 1843 followed

202 1858 247 1898 by
273 1856 424 1888 Bostock
449 1856 517 1887 and
542 1856 653 1896 Riley,
680 1856 780 1886 make
805 1855 864 1886 the
889 1855 945 1886 sed
970 1855 1082 1886 clause
1107 1854 1212 1895 apply
1237 1854 1318 1895 only
1342 1858 1380 1885 to

203 1900 351 1931 sciatica.
399 1899 451 1931 On
465 1899 524 1930 the
538 1898 637 1930 other
650 1898 752 1934 hand,
767 1909 788 1928 a
798 1898 995 1938 purqatione
1008 1898 1082 1938 ipsa
1097 1897 1219 1933 would,
1235 1897 1252 1928 I
1266 1896 1379 1933 think,

202 1946 338 1983 suggest
360 1942 439 1973 that
462 1942 521 1972 the
546 1941 656 1972 clause
678 1941 777 1972 trahit
801 1940 899 1971 bilem
920 1941 948 1971 is
972 1940 1042 1971 also
1066 1940 1234 1972 included.
1282 1939 1378 1971 Dios-

203 1986 331 2017 corides
346 1985 374 2016 is
389 1984 428 2016 of
438 1995 483 2016 no
498 1984 576 2025 help
591 1984 681 2015 here.

245 2032 256 2046 ⁶
279 2028 354 2068 E.g.
368 2028 403 2058 in
420 2027 521 2059 XXV
537 2027 598 2059 160
611 2027 640 2058 it
652 2041 689 2053 =
709 2026 844 2058 aizoum
858 2026 978 2063 maius,
994 2025 1109 2057 andin
1125 2025 1226 2056 XXV
1241 2026 1281 2056 74
1294 2025 1323 2056 it
1336 2039 1373 2051 =

201 2071 384 2102 artemisia.

201 2135 273 2168 404
