1459 2288
143 291 183 322 75

143 760 183 790 76

143 1229 182 1259 77

410 180 604 218 PLINY:
650 182 912 219 NATURAL
945 182 1182 220 HISTORY

259 285 447 321 XLVIII.
477 286 692 336 Agaricum
728 292 868 335 potum
905 286 1029 323 obolis
1066 287 1191 323 tribus
1228 289 1267 322 in
1305 289 1382 322 vini

211 347 353 381 veteris
377 343 522 394 cyatho
546 358 625 381 uno
647 344 740 381 lieni
763 345 962 388 medetur,
987 358 1008 381 e
1032 358 1183 394 panace
1205 347 1380 381 omnium

209 416 401 453 generum
424 403 536 439 radix
560 406 600 439 in
623 403 763 446 mulso,
787 404 855 440 sed
880 406 1031 440 teucria
1054 406 1265 453 praecipue
1288 409 1384 453 pota

210 461 319 497 arida
356 467 397 498 et
433 461 598 498 decocta
635 468 827 511 quantum
865 475 1004 498 manus
1041 465 1172 511 capiat
1207 465 1246 498 in
1281 464 1383 498 aceti

208 519 376 556 heminis
412 521 538 556 tribus
575 521 624 557 ad
659 519 889 557 heminam.¹
943 520 1122 557 inlinitur
1158 521 1298 557 eadem
1335 533 1383 557 ex

210 584 323 615 aceto
354 584 436 622 aut,
467 581 497 614 si
528 578 687 615 tolerari
718 592 796 615 non
826 582 962 628 possit,
994 592 1042 615 ex
1074 579 1146 615 fico
1176 579 1237 616 vel
1268 592 1382 628 aqua.

209 637 433 686 polemonia
466 637 615 673 bibitur
654 651 702 674 ex
741 640 844 681 vino,
884 640 1084 674 vettonica
1120 637 1308 674 drachma
1345 640 1384 674 in

210 695 436 746 oxymelitis
461 695 614 745 cyathis
640 697 779 739 tribus,
805 695 1053 732 aristolochia
1076 702 1122 733 ut
1146 702 1283 733 contra
1306 709 1384 732 ser-

210 760 362 804 pentes.
419 757 647 804 argemonia
678 761 834 804 septem
868 755 1008 791 diebus
1036 757 1076 790 in
1109 755 1196 791 cibo
1227 760 1386 804 sumpta

210 813 354 849 lienem
381 826 613 849 consumere
641 813 798 857 dicitur,
826 816 1026 863 agaricum
1052 816 1091 850 in
1119 819 1233 850 aceto
1259 813 1385 850 mulso

209 871 333 908 obolis
362 871 528 908 duobus.
584 872 834 922 nymphaeae
863 872 1059 909 heracliae
1087 872 1198 908 radix
1227 875 1268 908 in
1295 875 1385 908 vino

210 936 305 980 pota
339 936 381 966 et
414 933 498 979 ipsa
531 934 737 967 consumit.
796 930 1082 967 cissanthemus
1111 930 1299 967 drachma
1326 931 1385 967 bis

209 988 274 1025 die
301 995 460 1038 sumpta
488 992 528 1025 in
555 992 633 1025 vini
663 989 741 1025 albi
768 989 921 1039 cyathis
951 989 1104 1026 duobus
1131 1002 1202 1038 per
1230 989 1314 1026 dies
1341 1002 1386 1025 XL

210 1047 354 1084 lienem
385 1048 529 1084 dicitur
554 1048 748 1097 paulatim
773 1051 958 1085 emittere
982 1061 1053 1097 per
1076 1051 1241 1084 urinam.
1296 1061 1383 1098 pro-

209 1106 299 1143 dest
321 1112 363 1142 et
383 1105 579 1156 hysopum
595 1119 683 1142 curn
706 1106 777 1142 fico
793 1106 1016 1150 decoctum,
1032 1106 1257 1143 lonchitidis
1273 1106 1385 1143 radix

210 1164 375 1201 decocta
385 1168 614 1214 priusquam
628 1178 764 1201 semen
778 1165 981 1208 demittat,
993 1165 1214 1214 peucedani
1227 1177 1385 1214 quoque

209 1223 320 1260 radix
344 1229 385 1260 et
404 1223 499 1260 lieni
521 1230 563 1260 et
584 1224 754 1260 renibus.
809 1224 889 1260 lien
910 1237 1002 1260 suco
1025 1227 1127 1260 acori
1149 1229 1244 1273 poto
1261 1223 1275 1246 ²
1296 1236 1386 1260 con-

208 1282 666 1331 sumitur—praecordiis
692 1288 733 1319 et
756 1282 872 1319 ilibus
897 1282 1130 1319 utilissimae
1154 1282 1306 1319 radices
1319 1282 1387 1309 3—

209 1340 378 1391 clymeni
410 1354 547 1377 semen
572 1347 711 1390 potum
745 1341 885 1377 diebus
920 1354 992 1377 xxx
1026 1341 1201 1390 pondere
1235 1340 1385 1377 denarii

211 1403 250 1436 in
263 1402 352 1436 vino
365 1399 467 1443 albo,
481 1402 706 1436 vettonicae
723 1398 849 1436 farina
865 1413 913 1436 ex
928 1399 1046 1436 melle
1061 1405 1102 1436 et
1119 1405 1233 1436 aceto
1245 1399 1386 1436 scillite

209 1464 318 1508 pota,
346 1458 457 1494 radix
485 1457 709 1494 lonchitidis
736 1461 776 1494 in
804 1471 918 1507 aqua.
973 1461 1168 1495 teucrium
1194 1458 1385 1502 inlinitur,

211 1519 308 1553 item
328 1517 524 1553 scordium
545 1530 634 1553 cum
654 1529 757 1560 cera,
778 1519 977 1567 agaricum
997 1530 1086 1554 cum
1107 1515 1232 1553 farina
1252 1529 1274 1553 e
1293 1515 1386 1553 feno

211 1575 374 1612 Graeco.

264 1663 275 1680 ¹
299 1661 408 1693 tribus
447 1662 491 1692 ad
528 1662 710 1693 heminam.
758 1662 814 1694 Sic
847 1662 921 1694 dist.
962 1661 1118 1703 Mayhoff
1128 1675 1135 1694 :
1183 1661 1303 1694 tribus.
1342 1662 1386 1694 ad

219 1705 355 1735 flemina
371 1704 545 1745 Detlefsen.

261 1749 273 1766 2
297 1748 363 1778 lien
382 1758 462 1778 suco
481 1749 570 1778 acori
590 1751 674 1788 poto
693 1747 735 1778 M
736 1747 850 1788 aylcoff
861 1759 868 1778 z
901 1746 968 1778 lien
987 1748 1078 1778 acori
1096 1751 1182 1788 potu
1201 1747 1383 1788 Detlef-sen:

220 1790 313 1822 lienis
328 1791 419 1821 acori
436 1792 512 1829 (uco
528 1801 590 1821 om.
606 1795 681 1821 ante
696 1792 770 1829 aco)
788 1790 816 1821 V
833 1790 864 1820 R
880 1790 902 1820 d
917 1801 939 1820 x
955 1802 962 1821 :
991 1793 1074 1831 poto
1091 1790 1138 1821 vel
1152 1793 1238 1831 potu
1252 1790 1341 1821 codd.

261 1833 273 1851 ³
297 1833 478 1864 utilissima
521 1833 633 1864 radice
676 1833 760 1864 coni.
808 1832 850 1863 M
851 1832 970 1873 aylcoff,
1015 1833 1071 1873 qui
1115 1833 1268 1864 lacunam
1311 1836 1385 1864 ante

219 1875 363 1917 clymeni
382 1876 420 1907 in
438 1880 523 1907 textu
537 1876 644 1916 ponit.

259 2009 273 2023 ‘³
296 2004 350 2035 Ad
361 2004 500 2045 flemina
518 2005 546 2035 is
564 2014 584 2034 a
603 2003 711 2035 elever
729 2003 957 2041 emendation,
977 2003 1040 2035 but
1057 2003 1116 2035 the
1135 2003 1275 2045 chapter
1293 2003 1386 2035 deals

214 2047 297 2079 with
313 2047 459 2078 diseases
475 2046 513 2078 of
524 2046 583 2078 the
598 2046 722 2088 spleen.

209 2120 279 2155 320
