1459 2288
393 125 586 162 PLINY:
632 125 894 162 NATURAL
929 125 1164 163 HISTORY

122 234 164 264 85
241 228 285 264 L.
316 228 557 264 Harundinis
578 241 727 277 genera
751 240 872 263 xxvm
894 227 1265 271 demonstravimus,
1286 241 1363 264 non

191 289 305 325 aliter
348 289 591 325 evidentiore
626 288 691 324 illa
728 294 895 324 naturae
934 291 968 324 vi
1009 301 1129 337 quam
1167 291 1363 325 continuis

190 351 246 386 his
298 350 558 386 voluminibus
609 355 839 392 tractamus,
889 350 1083 399 siquidem
1134 349 1364 386 harundinis

189 412 300 448 radix
319 414 488 448 contrita
504 414 673 460 inposita
691 411 798 447 filicis
815 413 979 460 stirpem
996 424 1158 460 corpore
1176 411 1364 454 extrahit,

191 476 287 509 item
312 473 574 509 harundinem
601 472 707 508 filicis
733 472 856 508 radix.
913 478 953 508 et
978 486 1056 521 quo
1081 472 1193 521 plura
1216 485 1366 522 genera

191 533 409 576 faciamus,1
443 534 507 569 illa
542 547 644 582 quae
679 537 718 569 in
754 533 932 570 Iudaea2
965 533 1158 583 Syriaque
1192 536 1366 570 nascitur

190 595 354 632 odorum
380 601 757 644 unguentorumque
778 608 908 631 causa.
945 598 1098 631 urinam
1119 601 1255 632 movet
1275 608 1363 631 cum

189 659 368 707 gramine
396 662 464 692 aut
495 659 571 705 apii
601 659 752 692 semine
779 656 957 698 decocta,
985 659 1066 692 ciet
1094 662 1135 692 et
1161 662 1366 692 menstrua

122 724 163 754 86
190 718 363 754 admota.
419 717 604 753 medetur
650 717 841 753 convulsis
887 717 1040 754 duobus
1087 717 1210 754 obolis
1257 723 1365 766 pota,

189 781 362 821 iocineri,
375 779 548 821 renibus,
562 778 744 828 hydropi,
759 782 855 814 tussi
873 781 994 814 etiam
1010 779 1144 815 suffitu
1158 781 1365 829 magisque

189 854 278 877 cum
304 843 445 882 resina,
471 839 687 876 furfuribus
713 839 970 889 ulcerumque
996 841 1250 876 manantibus
1275 853 1365 876 cum

189 915 321 938 murra
336 901 511 938 decocta.
568 904 763 950 excipitur
778 907 818 937 et
833 914 948 937 sucus
963 904 1046 937 eius
1061 901 1185 950 fitque
1201 901 1365 938 elaterio

191 963 336 999 similis.
392 963 658 998 efficacissima
692 965 730 998 in
764 965 868 998 omni
897 962 1118 998 harundine
1148 975 1251 1012 quae
1279 976 1366 1012 pro-

192 1027 295 1060 xima
322 1023 471 1066 radici,3
499 1024 715 1059 efficaciora
749 1023 943 1073 genicula.
999 1023 1178 1060 harundo
1207 1024 1366 1074 Cypria,

191 1098 293 1134 quae
319 1085 448 1121 donax
475 1091 650 1127 vocatur,
675 1087 828 1121 corticis
853 1088 984 1121 cinere
1010 1085 1206 1134 alopecias
1232 1098 1365 1121 emen-

123 1153 162 1183 87
191 1147 274 1189 dat,
303 1149 398 1182 item
426 1149 697 1195 putrescentia
723 1146 865 1182 ulcera.
921 1146 1020 1183 foliis
1049 1149 1131 1182 eius
1159 1147 1208 1183 ad
1236 1152 1366 1183 extra-

189 1207 340 1244 hendos
369 1208 523 1244 aculeos
554 1214 733 1251 utuntur.
764 1209 986 1244 efficacibus
1016 1214 1057 1244 et
1086 1214 1224 1244 contra
1252 1211 1364 1258 ignes

191 1283 318 1306 sacros
372 1269 705 1318 collectionesque
758 1282 907 1306 omnes.
963 1269 1132 1319 vulgaris
1186 1269 1366 1306 harundo

191 1333 470 1367 extractoriam
493 1333 569 1366 vim
590 1330 742 1367 habet4
763 1344 898 1367 recens
926 1337 1029 1374 tusa,
1059 1344 1137 1367 non
1166 1334 1205 1367 in
1233 1331 1365 1368 radice

190 1398 363 1434 tantum,
386 1392 530 1428 multi5
555 1395 659 1428 enim
685 1398 726 1428 et
750 1395 875 1441 ipsam
900 1392 1163 1428 harundinem
1187 1393 1364 1429 tradunt.

189 1453 375 1490 medetur
397 1460 438 1489 et
457 1453 602 1489 luxatis
620 1459 661 1489 et
682 1456 818 1502 spinae
839 1453 1036 1490 doloribus
1058 1454 1170 1490 radix
1190 1457 1230 1490 in
1251 1460 1365 1490 aceto

191 1515 316 1557 inlita,
345 1514 485 1551 eadem
513 1527 649 1550 recens
677 1517 771 1550 trita
800 1521 840 1551 et
866 1518 907 1550 in
934 1518 1023 1552 vino
1056 1521 1152 1564 pota
1178 1528 1366 1552 venerem

191 1578 375 1612 concitat.
430 1575 695 1612 harundinum
721 1576 866 1626 lanugo
892 1576 1015 1613 inlata
1040 1577 1199 1613 auribus
1224 1577 1367 1613 obtun-

190 1637 249 1673 dit
269 1637 460 1673 auditum.

243 1722 254 1740 1
277 1721 443 1752 faciamus
460 1721 623 1763 Dellessen
640 1734 645 1752 :
678 1723 821 1753 facimus
838 1728 895 1753 aut
913 1723 1053 1753 fecimus
1071 1723 1159 1754 codd.

241 1764 253 1782 2
277 1764 405 1795 Iudaea
429 1765 590 1805 Maylzoff,
612 1765 785 1806 Detlefoen,
805 1775 878 1796 cum
902 1766 1013 1796 codd:
1046 1765 1147 1796 India
1171 1765 1367 1797 Hermolaus

199 1807 381 1880 13ίένίἒὶἱὲζί
395 1855 452 1880 aul
467 1849 579 1880 radice
595 1850 683 1880 codd.
701 1863 707 1880 ;
737 1860 757 1880 a
773 1850 885 1881 radice
901 1850 1073 1892 Dctlefscn.

239 1893 251 1911 ⁴
277 1892 341 1923 Hic
357 1892 393 1922 in
408 1893 495 1923 codd.
511 1897 545 1923 et
560 1893 716 1933 scriptum
735 1896 789 1923 est.

240 1936 252 1954 ⁵
277 1934 376 1966 multi
390 1935 574 1976 Detlefscn:
602 1937 637 1966 in
661 1935 771 1966 mulso
798 1935 960 1976 Mayhoff,
988 1935 1044 1976 qui
1071 1935 1154 1966 Cels.
1185 1935 1220 1968 V.
1253 1938 1307 1972 26,
1323 1938 1365 1969 35

195 1981 331 2018 confert:
358 1978 466 2009 multfi
485 1978 571 2009 codd.

194 2040 239 2085 64
