1459 2288
130 365 192 396 160

132 897 190 928 161

422 149 618 187 PLINY:
664 150 928 187 NATURAL
961 150 1197 187 HISTORY

221 259 377 303 gustus,
424 252 601 302 longiore
647 251 774 296 caule,
820 251 890 288 sed
935 252 1156 302 pergracili.
1210 266 1302 289 usus
1349 253 1399 290 ad

222 306 364 343 eadem
384 318 487 353 quae
505 305 624 341 iridi.1

274 359 361 395 CII.
392 361 489 395 aizoi
508 358 588 395 duo
606 371 778 407 genera:
811 361 936 395 maius
955 361 995 394 in
1016 358 1201 396 fictilibus
1231 360 1398 396 vasculis

221 415 378 455 seritur,
422 412 529 461 quod
572 412 694 461 aliqui
737 411 1031 461 buphthalmon
1074 412 1295 462 appellant,
1334 413 1399 449 alii

218 465 542 515 zoophthalmon,
595 465 660 501 alii
714 465 984 515 stergethron,
1038 466 1144 515 quod
1197 469 1399 503 amatoriis

220 521 445 562 conveniat,
488 518 551 554 alii
594 518 841 568 hypogeson,
884 521 1072 567 quoniam
1119 521 1159 554 in
1206 520 1399 569 subgrun-

219 572 293 609 diis
315 571 398 608 fere
419 574 607 615 nascitur,
629 578 721 608 sunt
749 574 815 621 qui
840 573 1077 608 ambrosiam
1100 574 1232 621 potius
1257 579 1400 610 vocant

219 632 261 662 et
308 628 375 674 qui
423 628 683 668 amerimnon,
732 625 849 661 Italia
896 625 1037 661 sedum
1093 639 1283 675 magnum
1330 632 1400 663 aut

220 679 377 715 oculum
406 684 476 715 aut
503 678 731 728 digitillum.
787 678 958 715 alterum
986 679 1264 722 minusculum,
1293 680 1399 729 quod

220 732 408 768 erithales
436 738 593 774 vocant,
622 732 686 767 alii
715 731 912 775 trithales,
941 734 1034 780 quia
1061 737 1124 768 ter
1152 731 1305 776 floreat,
1335 733 1400 769 alii

220 785 469 835 erysithales,
508 785 628 834 aliqui
672 787 832 828 isoetes,
878 785 996 821 Italia
1046 785 1200 828 sedum,
1245 786 1400 835 atque2

220 841 373 875 aizoum
412 844 641 888 utrumque,
681 841 867 887 quoniam
905 840 1031 875 vireat
1069 851 1240 888 semper,
1279 839 1400 888 aliqui

219 895 522 941 sempervivum.
578 894 704 928 maius
729 897 770 928 et
793 892 917 928 cubiti
942 891 1199 928 altitudinem
1223 893 1397 936 excedit,

219 945 480 982 crassitudine
506 945 593 994 plus
620 958 740 994 quam
765 945 954 994 pollicari.
1010 944 1105 981 folia
1128 948 1169 981 in
1194 949 1399 983 cacumine

219 999 380 1049 linguae
407 998 562 1041 similia,
588 1011 765 1041 carnosa,
791 1001 969 1048 pinguia,
995 998 1106 1048 larga
1131 1012 1237 1043 suco,
1262 999 1399 1036 latitu-

219 1052 312 1089 dine
341 1052 531 1101 pollicari,
561 1051 637 1087 alia
665 1054 705 1087 in
734 1057 884 1088 terram
912 1065 1103 1095 convexa,
1132 1052 1210 1088 alia
1237 1055 1399 1096 stantia,

220 1109 276 1142 ita
301 1111 346 1142 ut
372 1106 525 1141 ambitu
552 1105 723 1155 effigiem
743 1107 953 1142 imitentur
973 1105 1087 1142 oculi.
1143 1106 1250 1154 quod
1269 1108 1399 1142 minus

220 1165 282 1195 est
311 1161 351 1195 in
381 1161 502 1195 muris
532 1161 819 1208 parietinisque
851 1164 893 1195 et
922 1158 1070 1208 tegulis
1100 1161 1288 1203 nascitur,
1318 1158 1398 1196 fru-

219 1215 389 1249 ticosum
408 1225 429 1248 a
447 1211 580 1248 radice
600 1217 641 1248 et
659 1211 843 1248 foliosum
861 1225 987 1261 usque
1007 1212 1056 1248 ad
1074 1225 1279 1256 cacumen,
1297 1211 1399 1249 foliis

220 1268 414 1315 angustiS,
450 1267 706 1308 mucronatis,
744 1267 904 1309 sucosis,
940 1265 1118 1314 palmum
1154 1266 1236 1303 alto
1271 1266 1397 1303 caule.

219 1319 332 1355 radix
352 1319 514 1355 inutilis.

269 1372 379 1409 CIII.
410 1372 513 1408 Huic
548 1371 685 1408 similis
722 1378 782 1408 est
819 1385 938 1421 quam
975 1372 1117 1409 Graeci
1153 1372 1394 1410 andrachlen

220 1428 357 1476 agrian
387 1431 544 1469 vocant,
576 1425 694 1462 Italia
723 1425 978 1469 inlecebram,
1009 1426 1160 1475 pusillis
1190 1426 1396 1463 latioribus

220 1479 322 1516 foliis
357 1485 399 1516 et
431 1480 610 1515 breviore
643 1481 861 1515 cacumine.
916 1482 1091 1516 nascitur
1122 1482 1162 1516 in
1195 1482 1320 1529 petris
1355 1486 1397 1517 et

219 1533 420 1583 colligitur
442 1533 518 1569 cibi
542 1545 671 1568 causa.
727 1535 904 1568 omnium
926 1532 1068 1569 harum
1091 1535 1147 1569 vis
1172 1533 1314 1570 eadem
1338 1546 1397 1570 re-

275 1611 286 1629 1
310 1610 386 1641 iridi
405 1609 578 1650 Detlessen,
598 1609 694 1640 mum
714 1609 803 1640 codd.
820 1622 827 1640 :
860 1610 963 1641 sativi
982 1610 1145 1650 BIayhoff,
1168 1610 1222 1650 qui
1238 1614 1399 1650 punctum

229 1663 295 1683 non
310 1656 384 1683 ante
400 1653 455 1683 sed
468 1656 542 1692 post
559 1653 644 1683 aizoi
657 1653 764 1692 ponit.

230 1739 257 1769 Ε
273 1697 286 1715 ²
309 1695 593 1778 Zffluzemlgellefsen
609 1708 616 1727 ;
646 1695 705 1726 sed
721 1706 828 1736 aeque
845 1695 1020 1736 Maylzoff:
1050 1695 1109 1727 sed
1126 1696 1184 1736 qui
1200 1695 1287 1727 VRd
1303 1708 1309 1727 :
1341 1696 1397 1738 qui

259 1850 273 1864 ⁰
297 1846 436 1887 Ox—eye.
846 1845 858 1865 ὓ
880 1846 1101 1887 Animal-eye.

259 1894 268 1907 Γ
291 1889 457 1920 Affection
477 1888 655 1930 (although
674 1889 701 1920 it
718 1899 833 1920 means
851 1889 986 1921 natural
1006 1889 1163 1921 affection
1182 1889 1296 1921 rather
1313 1889 1396 1921 than

216 1932 448 2006 betugleiizgili
465 1974 523 2006 the
541 1985 639 2006 eaves
657 1974 869 2014 (ὖπόγεισον).

259 2022 270 2035 2
293 2017 468 2048 Immortal
484 2018 574 2049 food.
844 2016 860 2040 s
879 2017 1054 2050 Care-free.

218 2089 289 2126 250
