1459 2288
373 128 566 165 PLINY:
612 128 875 165 NATURAL
909 128 1144 165 HISTORY

169 232 298 270 modo.
354 243 491 267 semen
515 233 698 266 intritum
720 243 810 266 cum
833 229 920 267 oleo
944 235 1014 267 aut
1036 243 1196 268 rosaceo
1218 230 1347 268 infun-

169 294 276 330 ditur
305 295 458 329 aurium
488 291 623 328 dolori.
679 291 879 328 Dieuches
911 292 1171 328 tussientibus
1199 298 1241 329 et
1266 305 1346 329 sus-

170 357 320 405 piriosis
346 360 387 390 et
412 353 678 402 orthopnoicis
705 358 746 389 et
769 366 869 402 pura
893 354 1172 390 excreantibus
1197 352 1347 390 farinae

170 418 412 466 permixtum
435 428 539 464 pane
563 420 674 451 cocto
698 414 822 451 dedit.
878 414 1076 451 Diodotus
1099 414 1302 464 phthisicis
1326 428 1348 451 e

168 477 285 514 melle
301 476 510 526 ecligmate
526 482 567 512 et
582 475 777 525 pulmonis
789 478 906 519 vitiis,
917 476 1068 512 ossibus
1081 478 1203 512 etiam
1213 475 1348 513 fractit

79 545 139 575 146
165 541 350 588 inposuit.
393 543 529 587 partus
546 540 723 574 omnium
741 537 971 573 animalium
988 537 1164 574 extrahit
1180 543 1349 574 naturae

169 600 445 637 circumlitum.
484 612 597 635 sucus
612 599 751 635 radicis
765 612 854 635 cum
868 598 985 635 melle
998 599 1134 636 Attico
1148 599 1349 636 oculorum

170 662 372 712 caligines,
399 660 592 698 stomachi
619 663 714 696 vitia
741 660 917 703 discutit,
944 663 1085 697 tussim
1111 660 1264 697 decocti
1290 664 1349 697 ius

169 737 259 760 cum
290 722 421 759 melle.
479 722 611 758 ulcera
641 724 817 758 omnium
849 735 1057 771 generum,
1089 724 1170 758 sive
1202 721 1349 772 phage-

174 785 327 822 daenae
348 786 426 820 sint
447 786 528 820 sive
545 786 824 826 carcinomata,
838 786 919 819 sive
933 789 1108 832 serpant,
1122 786 1203 820 sive
1216 783 1349 834 polypi

80 853 138 882 147
167 851 206 883 in
227 847 399 888 naribus,
420 859 535 882 sucus
555 847 653 881 mire
675 851 802 881 sanat.
858 844 951 881 folia
973 845 1165 881 ambustis
1184 859 1350 895 prosuns

171 914 211 944 et
229 910 317 944 vino
333 913 373 943 et
389 907 476 944 oleo
491 912 615 943 cocta.
671 906 803 943 alvum
817 909 1001 943 inaniunt
1017 919 1066 943 ex
1082 906 1163 943 sale
1179 912 1221 943 et
1236 913 1350 944 aceto

170 975 343 1019 sumpta,
358 974 399 1005 et
411 968 557 1005 luxatis
572 982 661 1005 cum
677 968 794 1004 melle
811 974 923 1005 cocta
943 974 1121 1018 prosunt,
1139 971 1238 1006 item
1259 971 1350 1006 arti-

174 1031 268 1068 culis
286 1031 507 1081 podagricis
526 1043 615 1067 cum
639 1030 720 1066 sale
748 1033 924 1067 recentia
944 1030 1006 1067 vel
1032 1033 1144 1067 sicca.
1200 1030 1351 1080 Hippo-

172 1099 300 1130 crates
314 1092 503 1129 utralibet
518 1092 568 1128 ad
581 1091 832 1129 collectiones
845 1105 936 1128 cum
948 1092 1066 1128 melle
1079 1094 1264 1141 inposuit.
1301 1092 1352 1129 ad

171 1168 327 1191 menses
349 1154 565 1190 trahendos
587 1156 746 1190 seminis
768 1153 830 1190 vel
851 1153 992 1190 radicis
1013 1153 1226 1191 drachmae
1247 1154 1350 1191 duae

171 1219 210 1253 in
235 1219 312 1252 vini
337 1215 491 1266 cyathis
516 1215 670 1252 duobus
695 1215 905 1252 sufficiunt.
961 1215 1103 1252 eadem
1126 1218 1249 1265 potio,
1273 1218 1304 1252 si
1329 1229 1352 1252 a

83 1284 140 1314 148
167 1283 284 1328 partu
319 1291 397 1314 non
432 1283 670 1328 purgentur,
706 1283 747 1314 et
782 1277 975 1314 secundas
1009 1277 1145 1314 trahit.
1201 1277 1351 1327 Hippo-

171 1346 300 1376 crates
342 1345 383 1375 et
422 1339 597 1375 radicem
637 1341 762 1388 ipsam
803 1339 999 1388 adposuit.
1055 1339 1192 1376 dicunt
1232 1344 1273 1375 et
1312 1341 1351 1375 in

172 1401 403 1451 pestilentia
429 1400 645 1437 salutarem
672 1413 757 1437 esse
783 1403 823 1436 in
848 1401 955 1437 cibis.
1012 1401 1251 1437 ebrietatem
1276 1400 1351 1438 dis-

172 1465 285 1499 cutit.
341 1468 548 1512 serpentes
570 1462 720 1506 nidore,
742 1475 832 1498 cum
853 1468 1065 1506 crematur,
1086 1464 1351 1512 privatimque

172 1524 327 1573 aspidas
341 1523 455 1574 fugat
470 1529 539 1560 aut
552 1524 723 1560 inebriat
738 1526 794 1560 ita
808 1529 853 1560 ut
865 1529 1073 1573 torpentes
1086 1526 1350 1560 inveniantur.

172 1591 384 1635 perunctos
405 1598 563 1635 quoque
585 1599 651 1622 aro
672 1598 693 1622 e
713 1585 848 1622 laureo
867 1585 954 1622 oleo
974 1584 1145 1635 fugiunt.
1199 1585 1289 1622 ideo
1310 1591 1351 1622 et

211 1737 224 1751 ⁰
247 1733 416 1764 Dieuches
432 1743 499 1763 was
514 1743 533 1763 a
550 1733 568 1745 “
584 1733 767 1773 Dogmatic
784 1732 802 1744 '³
818 1733 857 1764 of
867 1733 925 1763 the
939 1732 1055 1763 fourth
1071 1736 1215 1773 century
1231 1741 1297 1764 B.c.

216 1776 227 1794 ⁶
240 1775 331 1812 This,
350 1776 415 1812 i.e.‚
438 1776 456 1787 ‘⁴
470 1776 572 1806 bread
592 1775 762 1811 crumbs‚'’
783 1779 886 1812 must,
903 1775 919 1806 I
938 1775 1049 1811 think,
1067 1775 1108 1806 be
1126 1775 1185 1806 the
1204 1786 1299 1806 sense
1317 1775 1354 1806 of

163 1819 297 1858 farinae
314 1829 402 1858 pane
423 1823 517 1849 cocto.
566 1819 635 1849 But
657 1829 720 1849 one
740 1818 852 1849 would
873 1822 993 1859 expect
1011 1818 1114 1858 panis
1134 1818 1224 1849 cocti.
1273 1818 1348 1849 Per-

168 1861 253 1902 haps
262 1861 395 1901 farinae
409 1861 437 1892 is
452 1872 470 1892 a
484 1861 573 1902 gloss
588 1861 665 1892 that
679 1861 740 1892 has
755 1865 849 1901 crept*
862 1861 935 1892 into
949 1861 1007 1892 the
1021 1864 1106 1892 text.

215 1909 225 1923 ⁶
249 1904 419 1935 Diodotus
440 1914 509 1934 was
531 1915 550 1934 a
572 1904 749 1945 physician
774 1904 812 1934 of
829 1904 888 1935 the
909 1903 983 1935 first
1005 1914 1042 1934 or
1063 1903 1187 1935 second
1209 1907 1351 1945 century

172 1955 236 1978 13.c.

218 1989 232 2008 α
256 1990 316 2021 Ius
329 2000 437 2021 seems
450 1993 487 2021 to
501 1990 625 2021 denote
639 2001 658 2020 a
672 2000 765 2021 more
778 1989 886 2030 liquid
898 1989 986 2020 form
996 1989 1131 2030 ofjuice
1145 1989 1230 2020 than
1243 1999 1350 2021 eacus.

183 2063 244 2091 104
