1459 2288
35 600 73 630 16

36 1025 72 1054 17

305 122 499 158 PLINY:
545 122 808 158 NATURAL
841 121 1075 158 HISTORY

98 229 217 273 grant
246 237 294 260 ex
324 230 450 260 aceto.
507 224 648 260 eadem
676 226 773 260 trita
800 236 889 260 cum
919 223 1072 259 duabus
1100 225 1279 272 partibus

98 280 210 326 panis
248 277 374 314 mollis
413 290 434 313 e
471 280 561 314 vino
598 277 811 313 Ammineo
847 277 1014 313 subacta
1051 277 1198 325 pedum
1236 290 1280 313 ac

98 343 309 367 nervorum
337 330 491 367 dolores
520 330 675 367 sedant.
731 329 876 378 pilulae
906 329 1092 366 adversus
1121 343 1279 379 serpen-

98 386 200 420 tium
216 386 316 420 ictus
333 384 537 427 bibuntur,
555 389 624 419 aut
641 386 671 419 si
689 385 853 419 eiciatur
869 385 1042 432 sanguis,
1058 382 1281 420 collection-

99 437 186 473 ibus
215 437 446 473 inlinuntur.
501 439 636 472 ramici
666 449 824 485 quoque
854 442 1019 472 tenerae
1048 441 1163 472 tusae
1191 450 1281 472 cum

99 492 273 539 axungia
312 496 353 526 et
391 490 567 526 lomento
599 495 776 538 prosunt.
832 489 1024 525 bibuntur
1055 502 1104 525 ex
1138 489 1278 526 eadem

99 556 229 579 causa.
298 542 468 592 parotidi
494 549 535 579 et
559 549 735 579 strumae
760 555 848 578 curn
874 541 1000 578 farina
1023 544 1279 591 inponuntur.

101 598 336 644 exprimitur
358 609 472 632 sucus
496 598 593 633 tusis
616 609 706 632 cum
729 598 879 632 semine
895 593 910 617 1
934 598 1002 644 qui
1024 598 1171 632 mixtus
1195 596 1281 632 oleo

99 650 308 699 caliginem
334 649 535 686 oculorum
562 648 706 685 aufert.
761 651 859 685 item
884 651 1081 685 victoriati
1106 649 1282 697 pondere

99 705 138 738 in
177 705 266 738 vino
305 708 422 751 potus
462 701 711 751 inlitusque2
749 715 839 738 cum
879 701 951 738 fico
990 704 1092 738 sicca
1130 704 1281 751 pingui,

100 758 297 804 exemptis
319 758 465 805 granis,
481 758 578 792 vitia
598 757 764 792 testium
781 761 909 798 sanat,
925 761 1102 791 tumores
1118 754 1280 792 discutit

101 815 142 845 et
178 822 267 844 cum
303 808 501 845 fermento
538 814 720 845 strumas.
776 808 888 844 radix
924 821 1013 844 cum
1049 807 1150 844 foliis
1186 811 1283 845 trita

100 867 196 910 pota
239 864 392 898 vesicae
438 868 479 898 et
524 864 772 911 stranguriae
817 861 1016 905 medetur,
1061 867 1102 898 et
1145 867 1283 898 contra

99 914 324 964 phalangia.
380 920 563 951 ramenta
588 921 683 964 pota
707 928 864 951 menses
889 917 1009 957 cient,
1034 917 1281 963 scorpionum

99 969 242 1004 ictibus
263 968 534 1004 adversantur.

151 1021 222 1057 XI.
252 1021 403 1058 Cedrus
431 1035 591 1070 magna,
620 1034 740 1070 quam
769 1020 998 1057 cedrelaten
1027 1026 1183 1064 vocant,
1212 1021 1282 1057 dat

100 1077 229 1123 picem
282 1088 384 1123 quae
436 1075 569 1111 cedria
621 1081 797 1117 vocatur,
849 1074 1031 1110 dentium
1083 1074 1282 1110 doloribus

100 1128 361 1164 utilissimam.
417 1127 566 1177 frangit
598 1130 703 1164 enim
735 1141 801 1164 eos
834 1133 876 1163 et
907 1127 1097 1171 extrahit,
1128 1126 1281 1164 dolores

101 1181 227 1217 sedat.
283 1181 389 1217 cedri
421 1195 535 1218 sucus
567 1194 615 1217 ex
647 1194 695 1217 ea
725 1181 922 1230 quomodo
953 1180 1067 1216 fieret
1097 1180 1282 1223 diximus,

101 1237 234 1283 magni
275 1234 325 1270 ad
365 1233 595 1271 volumina³
634 1248 740 1277 usus,
778 1237 817 1270 ni
856 1236 976 1283 capiti
1011 1234 1187 1270 dolorem
1226 1237 1282 1269 in-

152 1303 164 1321 1
189 1302 267 1333 Post
283 1303 410 1332 semine
428 1307 583 1342 punctum
601 1302 763 1342 sslayhofs.

151 1346 163 1364 ²
187 1345 373 1384 inlitusque
392 1346 479 1376 codd.
498 1358 504 1376 ε
536 1345 698 1376 inlitusve
717 1356 731 1376 e
750 1345 866 1376 Plinio
884 1345 954 1375 iun..
976 1345 1138 1385 Illaqshoff.

150 1389 163 1407 ³
188 1388 360 1418 volumina
375 1389 521 1428 plerique
533 1389 633 1425 codd„
646 1388 753 1428 Silliq,
767 1388 937 1428 Illayhoff:
956 1388 1095 1428 collyria
1105 1387 1281 1429 Detlessen:

107 1430 175 1461 duo
192 1431 322 1461 lumina
340 1432 373 1462 X
390 1443 396 1461 :
428 1431 558 1462 lumina.
575 1431 658 1472 vulq.

148 1521 162 1535 α
186 1517 335 1557 Perhaps
360 1518 486 1558 merely
514 1517 714 1554 “darken‚⁷’
742 1517 872 1558 though
904 1517 1036 1557 (Iefncqro
1061 1518 1089 1548 is
1120 1528 1140 1548 a
1166 1521 1283 1558 strong

103 1560 206 1590 word.
252 1560 313 1591 See
332 1562 346 1599 ξ
368 1562 416 1591 10.

149 1603 160 1621 θ
184 1603 245 1634 See
262 1603 340 1634 XX.
359 1604 373 1640 ξ
393 1604 463 1637 153,
483 1603 600 1634 XXII.
620 1604 633 1642 ξ
655 1605 725 1640 119,
744 1603 873 1634 XXVI.
891 1604 907 1643 ξ
924 1604 976 1639 49,
992 1602 1160 1634 XXVIII.
1178 1604 1192 1642 ξ
1211 1604 1282 1640 177,

104 1645 220 1676 XXX.
239 1647 252 1684 ξ
271 1647 321 1682 71,
341 1646 506 1676 XXXIV.
525 1648 539 1685 ξ
560 1647 629 1677 103.

145 1694 156 1707 ⁰
180 1688 198 1699 ‘⁶
211 1688 407 1719 Cedar-fir.'’
455 1688 525 1719 The
543 1689 703 1728 ordinary
721 1688 834 1719 cedrus
849 1699 917 1718 was
932 1688 991 1719 the
1002 1688 1133 1728 prickly
1149 1688 1282 1728 juniper

105 1731 305 1770 (Juniperas
324 1731 523 1770 oxycedrus),
544 1735 605 1762 not
627 1732 726 1762 cedar
747 1731 786 1762 of
803 1731 976 1762 Lebanon.
1025 1731 1096 1762 But
1115 1731 1173 1763 the
1196 1732 1284 1772 “big

104 1774 203 1805 cedar
215 1773 233 1787 '³
252 1785 320 1805 was
332 1775 520 1813 sziperzzs
533 1774 666 1805 ezcelsa.
713 1774 818 1805 What
833 1774 860 1805 is
873 1773 932 1805 the
944 1773 1079 1813 subject
1092 1773 1131 1804 of
1144 1777 1255 1804 vocant
1267 1777 1279 1804 ⁴?

104 1816 326 1856 Presumably
343 1816 401 1847 the
418 1816 527 1847 Greek
544 1817 725 1847 botanists.

145 1858 159 1877 ἆ
183 1860 244 1890 See
256 1859 349 1890 XVI.
362 1860 376 1899 ξ
388 1861 440 1891 52.
488 1860 557 1890 But
569 1861 602 1890 in
614 1860 683 1890 this
695 1859 837 1900 chapter
847 1859 906 1890 ‘che
918 1859 1097 1890 methodis
1108 1859 1284 1890 described

102 1902 142 1932 of
157 1903 349 1943 extracting
367 1903 455 1933 resin
476 1902 563 1933 from
583 1903 773 1943 pitch-pine
792 1903 925 1941 (taeda).
973 1902 1072 1942 Pliny
1090 1913 1169 1943 says
1189 1902 1284 1933 there

103 1944 182 1975 that
207 1944 276 1975 this
301 1946 390 1976 resin
415 1946 444 1976 is
470 1945 577 1976 called
603 1946 746 1976 cedrium
772 1946 806 1976 in
834 1945 942 1986 Syria,
969 1945 1096 1986 adding
1121 1945 1200 1976 that
1225 1945 1283 1976 the

104 1987 296 2028 Egyptians
312 1998 371 2018 use
387 1989 415 2018 it
431 1988 484 2018 sor
499 1987 707 2029 embalming
723 1998 867 2029 corpses.

110 2060 152 2093 14
