1459 2288
392 168 586 205 PLINY:
632 169 896 206 NATURAL
929 169 1164 206 HISTORY

191 271 367 308 remedio
394 270 487 308 sunt
515 275 746 321 pycnocomi
775 271 869 308 folia
895 274 991 309 trita
1017 285 1106 309 cum
1133 271 1308 321 polenta,
1335 275 1366 309 si

190 325 366 361 nondum
393 331 513 374 caput
539 324 718 362 fecerint.
773 325 993 362 discutiunt
1017 331 1059 362 et
1084 324 1179 361 folia
1203 325 1366 374 ephedri

190 378 314 415 inlita.

106 436 165 467 126
243 431 468 467 LXXVIII.
499 431 673 468 Fistulae
696 444 854 480 quoque
875 434 916 467 in
937 434 1043 468 omni
1065 437 1179 480 parte
1201 438 1366 480 serpunt

191 484 435 521 medicorum
458 487 553 521 vitio
575 484 679 521 male
704 487 821 521 sectis
844 485 1082 533 corporibus.
1138 485 1283 521 auxilio
1307 491 1368 521 est

191 541 439 574 centaurium
455 540 584 574 minus
601 537 770 587 collyriis
786 551 876 574 cum
892 538 1011 574 melle
1027 538 1192 574 decocto
1209 538 1367 581 additis,

191 591 432 640 plantaginis
453 604 567 627 sucus
588 590 754 634 infusus,
776 590 1092 640 quinquefolium
1113 604 1203 628 cum
1224 591 1304 628 sale
1327 597 1368 628 et

191 644 324 688 melle,
341 644 527 681 ladanum
544 657 633 681 cum
650 651 842 688 castoreo,
859 644 1072 694 cotyledon
1088 657 1177 680 cum
1193 645 1369 681 medulla

192 700 349 734 cervina
401 696 595 734 calefacta
647 703 689 734 et
740 700 934 747 inposita;
1000 698 1176 734 verbasci
1227 698 1368 734 radicis

191 751 368 787 medulla
402 751 552 800 collyrii
588 754 789 788 tenuitate
824 754 865 787 in
901 750 1073 787 fistulam
1111 751 1272 788 additur
1306 751 1368 788 vel

193 804 465 841 aristolochiae
482 804 595 841 radix
613 804 676 841 vel
693 818 807 841 sucus
824 804 1053 854 tithymalli.

107 862 165 892 127
244 858 427 894 LXXIX.
458 857 722 894 Collectiones
767 857 1181 906 inflammationesque
1227 863 1369 894 sanant

193 914 446 961 argemoniae
464 910 558 947 folia
574 911 701 954 inlita,
719 911 884 947 duritias
903 917 945 947 et
962 911 1215 947 collectiones
1233 924 1369 947 omnes

193 965 414 1001 verbenaca
454 964 515 1001 vel
555 963 872 1013 quinquefolium
912 964 1121 1001 decoctum
1160 967 1200 1000 in
1241 970 1369 1008 aceto,

194 1018 368 1054 verbasci
395 1016 489 1054 folia
514 1017 578 1053 vel
602 1018 729 1061 radix,
755 1017 950 1068 hysopum
977 1031 999 1054 e
1025 1020 1115 1054 vino
1140 1020 1369 1066 inpositum,

193 1074 295 1108 acori
330 1071 442 1107 radix
477 1071 642 1108 decocto
677 1073 760 1107 eius
794 1070 1035 1114 foventibus,
1070 1073 1237 1114 aizoum,
1271 1073 1369 1108 item

193 1138 296 1174 quae
322 1131 488 1161 contusa
513 1127 593 1160 sint
618 1124 864 1174 duritiasque
892 1130 934 1161 et
958 1127 998 1161 in
1025 1126 1112 1160 sinu
1128 1123 1142 1146 1
1169 1127 1339 1173 corporis
1355 1123 1370 1146 2

192 1178 390 1214 illecebra.
446 1180 578 1214 omnia
629 1178 751 1214 infixa
803 1180 953 1227 corpori
1008 1177 1225 1214 extrahunt
1277 1176 1372 1214 folia

107 1235 167 1267 128
194 1231 449 1281 tussilaginis,
484 1231 669 1275 daucum,
705 1244 842 1267 semen
877 1231 1121 1280 leontopodii
1157 1233 1296 1268 tritum
1330 1233 1370 1267 in

194 1298 298 1334 aqua
350 1298 439 1321 cum
493 1284 667 1333 polenta.
723 1285 1073 1334 suppurationibus
1127 1286 1371 1333 inponuntur

193 1340 425 1388 pycnocomi
452 1336 547 1374 folia
573 1340 669 1374 trita
696 1351 785 1374 cum
814 1338 978 1387 polenta
1004 1337 1066 1374 vel
1094 1351 1245 1381 semen,
1273 1340 1371 1374 item

193 1391 330 1428 orchis.
386 1393 481 1427 vitia
524 1404 626 1440 quae
667 1393 747 1428 sint
789 1394 829 1427 in
870 1391 1020 1427 ossibus
1061 1393 1198 1441 satyrii
1239 1391 1370 1428 radice

193 1447 365 1494 inposita
411 1445 676 1481 efficacissime
722 1447 849 1480 sanari
896 1444 1095 1488 dicuntur,
1141 1457 1283 1481 nomae
1330 1450 1372 1481 et

242 1526 253 1544 ¹
277 1526 311 1556 in
327 1527 402 1557 sinu
420 1525 502 1556 VdT
518 1525 681 1565 Detlessen
697 1537 703 1555 ι
733 1526 826 1556 sinus
843 1525 870 1555 E
887 1535 903 1556 r
918 1524 1014 1564 vuly„
1032 1524 1074 1555 M
1075 1524 1194 1565 ayhoff.

241 1570 253 1588 ²
277 1569 438 1609 corporis]
462 1567 514 1607 Cf.
535 1569 549 1606 ἓ
574 1569 631 1599 141
657 1569 749 1599 sinus
773 1568 934 1599 ulcerum.
987 1567 1116 1598 Urlichs
1138 1567 1197 1599 del.
1224 1569 1370 1609 corporis

196 1615 223 1642 et
239 1611 388 1642 ulcerum
405 1611 524 1642 scribit.

229 1741 244 1755 ⁶
267 1736 431 1777 Literally
453 1735 472 1748 “
489 1735 621 1777 creep‚”
643 1736 731 1767 from
751 1736 810 1767 the
830 1736 935 1777 shape
955 1735 994 1767 of
1009 1735 1068 1767 the
1089 1735 1213 1767 fistula.
1262 1735 1370 1767 Littrie

188 1780 248 1811 has
265 1779 284 1792 ‘⁴
300 1790 334 1810 se
351 1778 541 1810 creusent.”

232 1822 244 1841 ⁶
267 1822 338 1853 The
359 1823 517 1862 meaning
539 1821 576 1852 of
593 1821 738 1861 collyriis
758 1821 837 1852 here
860 1823 887 1852 is
909 1822 1096 1852 uncertain.
1145 1821 1179 1853 11:
1199 1821 1308 1862 might
1330 1821 1370 1852 be

191 1865 210 1876 ‘⁴
225 1865 335 1896 salves
351 1864 369 1876 '’
395 1875 433 1896 or
457 1864 476 1876 “
492 1863 771 1905 suppositories‚’'
797 1863 859 1895 but
882 1864 1015 1901 additis,
1040 1863 1108 1894 and
1131 1863 1190 1895 the
1214 1875 1370 1895 common

189 1918 389 1939 occurrence
410 1907 449 1938 of
466 1907 570 1938 rectal
591 1906 733 1943 fistulas,
755 1910 891 1948 suggest
912 1907 971 1937 the
992 1906 1104 1937 latter.
1152 1906 1213 1938 See
1234 1910 1292 1938 too
1313 1907 1370 1938 the

191 1950 256 1981 last
273 1954 431 1981 sentence
448 1950 487 1980 of
498 1949 567 1980 this
585 1950 734 1989 chapter.

231 1997 241 2010 ⁶
265 1993 356 2023 Prof.
374 1992 536 2023 Andrews
552 1995 723 2032 suggests:
754 1991 773 2003 “
786 1990 1048 2032 supplemented
1064 1990 1110 2032 by
1127 1991 1371 2031 suppositories

188 2035 288 2066 made
305 2035 388 2066 with
405 2034 519 2066 boiled
535 2034 682 2075 honey.’'
733 2034 803 2065 But
820 2034 860 2065 cf.
879 2034 917 2065 in
926 2034 1078 2074 fistulam
1089 2033 1222 2065 additur
1238 2034 1352 2066 below.

193 2096 264 2144 360
