1459 2288
126 537 164 567 18

126 910 163 940 19

393 161 587 199 PLINY:
633 162 896 199 NATURAL
929 162 1165 200 HISTORY

191 266 384 302 curabant
398 268 439 301 in
454 264 586 302 fauces
602 279 750 315 organo
765 265 946 302 demisso.
1001 266 1206 303 damnavit
1222 270 1365 304 merito

192 325 234 355 et
252 321 486 355 vomitiones
505 325 600 355 tunc
619 332 736 368 supra
754 319 916 355 modurn
935 318 1178 369 frequentes.
1234 323 1366 370 arguit

192 378 234 408 et
259 372 643 409 medicamentorum
669 379 787 422 potus
813 372 1017 409 stomacho
1043 375 1234 417 inimicos,
1262 374 1367 423 quod

192 431 252 462 est
283 439 430 476 magna
461 439 510 462 ex
541 432 655 475 parte
687 439 835 462 verum.
889 429 1026 475 itaque
1058 440 1128 463 nos
1159 429 1200 463 in
1231 430 1365 476 primis

191 492 293 528 quae
313 485 407 516 sunt
426 479 629 516 stomacho
648 479 762 516 utilia
781 482 994 529 signamus.

243 532 312 569 IX.
341 532 468 582 Super
489 536 621 569 omnia
643 533 829 569 adiuvere
853 546 945 569 eum
967 535 1144 583 magicae
1167 536 1365 570 vanitates

189 588 229 621 in
253 591 414 623 tantum
440 592 602 623 evectae
627 592 673 623 ut
697 587 889 636 abrogare
913 586 1044 623 herbis
1070 587 1190 623 fidem
1214 590 1366 624 cunctis

189 646 374 688 possent:
415 639 643 689 aethiopide
668 640 792 676 herba
817 653 953 676 amnes
979 653 1023 676 ac
1049 646 1193 690 stagna
1217 643 1364 684 siccari,

189 693 438 729 onothuridis
454 693 468 716 1
485 699 596 730 tactu
613 693 745 729 clausa
762 696 893 730 omnia
910 696 1064 742 aperiri,
1083 693 1366 730 achaemenide

190 749 369 783 coniecta
388 750 427 782 in
449 749 573 783 aciem
593 746 766 783 hostium
786 747 986 796 trepidare
1007 750 1167 796 agmina
1187 761 1232 783 ac
1251 753 1365 797 terga

190 802 304 843 verti,
330 800 487 836 latacen
512 800 595 836 dari
622 800 779 837 solitam
806 814 828 836 a
854 799 1062 836 Persarum
1089 813 1183 850 rege
1209 800 1364 850 legatis,

190 859 236 890 ut
288 866 538 903 quocumque
591 856 792 890 venissent
843 856 1019 890 omnium
1071 867 1203 890 rerum
1254 857 1367 903 copia

191 907 456 950 abundarent,
486 921 530 943 ac
558 907 686 943 multa
714 907 866 943 similia.
920 908 1083 943 ubinam
1111 910 1211 944 istae
1242 907 1365 951 fuere,

190 973 280 996 cum
299 960 447 997 Cimbri
464 961 714 1010 Teutonique
732 961 898 997 terribili
918 960 1050 997 Marte
1068 961 1282 1005 ulularent,
1300 967 1368 998 aut

190 1027 280 1049 cum
309 1014 496 1050 Lucullus
522 1020 583 1050 tot
609 1027 722 1064 reges
752 1014 963 1063 Magorum
989 1017 1122 1063 paucis
1147 1014 1368 1064 legionibus

190 1068 418 1104 sterneret?
460 1080 577 1104 curve
606 1068 779 1104 Romani·
802 1068 922 1104 duces
950 1070 1117 1117 primam
1145 1081 1302 1117 semper
1327 1070 1367 1104 in

190 1120 307 1157 bellis
335 1124 658 1157 commerciorum
686 1120 861 1157 habuere
889 1121 1051 1157 curam?
1093 1134 1162 1157 cur
1189 1121 1368 1158 Caesaris

190 1174 304 1210 miles
339 1175 389 1211 ad
425 1173 667 1211 Pharsaliam
702 1173 849 1211 famem
885 1177 1021 1218 sensit,
1057 1177 1088 1210 si
1123 1175 1369 1211 abundantia

191 1230 318 1263 omnis
353 1231 585 1278 contingere
621 1231 736 1264 unius
772 1228 919 1264 herbae
954 1227 1147 1264 felicitate
1182 1228 1368 1277 poterat?

191 1294 270 1316 non
302 1284 424 1317 satius
456 1281 533 1318 fuit
564 1281 832 1317 Aemilianum
865 1281 1087 1330 Scipionem
1119 1281 1368 1332 Carthaginis

191 1340 326 1383 portas
350 1334 474 1371 herba
496 1334 724 1384 patefacere
748 1348 867 1384 quam
890 1334 1082 1371 machinis
1105 1335 1276 1372 claustra
1298 1348 1369 1384 per

192 1394 253 1424 tot
279 1401 402 1424 annos
429 1389 621 1437 quatere?
661 1391 857 1425 siccentur
882 1388 999 1424 hodie
1024 1388 1200 1425 meroide
1227 1387 1367 1438 Pomp-

191 1444 301 1477 tinae
329 1442 495 1491 paludes
523 1448 762 1491 tantumque
791 1445 873 1491 agri
901 1442 1152 1478 suburbanae
1179 1442 1370 1479 reddatur

194 1495 347 1531 ltaliae.
402 1509 495 1532 nam
527 1509 629 1544 quae
662 1495 769 1545 apud
802 1495 974 1532 eundern
1007 1495 1282 1532 Democritum
1312 1498 1370 1531 in-

193 1551 352 1585 venitur
370 1552 603 1598 compositio
620 1549 904 1585 medicamenti
924 1562 1002 1598 quo
1020 1548 1172 1598 pulchri
1190 1550 1363 1598 bonique

242 1626 253 1644 ¹
279 1626 494 1657 onothuridis
507 1625 678 1666 sslaylzoff:
704 1626 898 1657 chondridis
911 1626 1133 1657 coni.Ianus:
1160 1626 1368 1667 condyendis

202 1668 353 1700 Urlichs:
388 1669 584 1700 condiendis
600 1669 746 1709 plerique
765 1669 867 1706 codd„
887 1668 1060 1709 Detlefsen.

235 1778 382 1818 “Again
406 1777 423 1808 Ι
447 1778 540 1818 print
563 1777 729 1818 Mayhoff'
733 1788 748 1808 s
770 1780 846 1808 text
869 1777 1015 1808 without
1038 1777 1140 1808 much
1165 1777 1367 1808 confidence.

190 1820 261 1851 The
277 1820 466 1851 condiendis
483 1820 521 1851 of
533 1820 591 1851 the
608 1812 700 1851 MSS.
719 1821 746 1851 is
764 1820 928 1860 certainly
944 1830 1069 1860 wrong,
1087 1820 1155 1850 and
1171 1830 1295 1861 among
1311 1820 1369 1851 the

190 1863 334 1903 magical
355 1863 454 1894 herbs
476 1863 672 1893 mentioned
693 1864 727 1893 in
750 1863 846 1893 Book
868 1863 988 1894 XXIV
1009 1873 1097 1894 none
1119 1873 1230 1893 comes
1251 1873 1369 1893 nearer

190 1910 227 1937 to
254 1907 282 1936 it
309 1906 393 1937 than
421 1906 490 1936 this
518 1906 711 1945 conjecture
739 1905 777 1936 of
801 1905 963 1946 Mayhoff.
1012 1905 1084 1936 One
1111 1906 1221 1946 might
1249 1909 1368 1946 accept

189 1948 287 1980 Jan’s
304 1949 491 1980 chondridis
510 1948 564 1987 (cf.
585 1948 696 1985 XXV,
715 1949 728 1987 §
744 1949 798 1987 93)
817 1958 902 1979 were
919 1948 997 1979 that
1013 1958 1137 1989 among
1152 1948 1211 1979 the
1227 1948 1369 1989 magica]

190 1991 300 2023 herbs.
351 1990 362 2010 ὁ
384 1991 555 2031 Probably
575 1991 703 2032 Pliny's
723 2001 781 2022 use
801 1991 840 2021 of
855 2001 933 2022 nam
950 2006 983 2016 =
1002 1991 1066 2022 sed.

235 2039 246 2053 ⁶
268 2033 355 2064 Who
372 2033 433 2065 has
450 2037 510 2065 not
527 2035 613 2065 been
630 2033 827 2065 mentioned
844 2034 878 2065 in
895 2043 963 2074 any
980 2044 1062 2064 near
1079 2036 1230 2064 context.

191 2097 260 2142 278
