1459 2288
110 380 170 411 158

109 806 168 837 159

109 1126 170 1158 160

396 164 591 201 PLINY:
638 164 901 202 NATURAL
934 164 1171 202 HISTORY

198 271 357 318 corrigit
384 267 531 311 volvas,
559 267 683 304 dolori
713 280 848 304 earum
878 267 1195 317 exulceratisque
1221 271 1374 318 inponi-

197 328 273 358 tur.
329 327 510 358 emortua
541 324 783 357 scamonium
814 320 929 370 pellit
958 327 1099 370 potum
1129 321 1192 358 vel
1221 322 1374 371 adposi-

197 381 296 411 tum.
350 387 508 411 menses
534 377 613 410 ciet
637 374 869 424 hypericum
894 380 1109 424 utrumque
1134 375 1373 424 adpositum,

198 434 293 464 ante
325 428 402 464 alia
434 441 540 471 vero,
572 433 617 464 ut
651 428 884 477 Hippocrati
916 427 1088 471 videtur,
1120 428 1318 465 crethmos
1352 442 1373 466 e

198 484 288 518 vino
312 484 462 517 semine
490 481 552 516 vel
581 481 721 517 radicis
745 481 918 523 cortice,1
944 480 1068 517 trahit
1097 487 1140 517 et
1168 482 1373 525 secundas,

200 537 389 571 succurrit
424 540 465 571 et
499 534 878 583 strangulationibus
914 547 963 570 ex
997 547 1101 583 aqua
1133 540 1242 583 pota,
1275 538 1373 572 item

198 588 310 624 radix
328 601 349 624 e
368 590 531 637 geranio
551 587 805 636 peculiariter
823 587 1005 623 secundis
1024 587 1374 638 inflationibusque

198 641 399 677 volvarum
427 643 677 677 conveniens.
731 646 878 690 purgat
906 640 1081 689 hippuris
1110 647 1207 690 pota
1235 648 1278 678 et
1307 642 1374 678 ad-

197 697 327 744 posita
371 694 516 737 volvas,
562 694 782 744 polygonus
827 694 954 743 pota.‘-'
1006 707 1163 731 menses
1208 697 1287 731 ciet
1332 701 1374 732 et

197 747 361 784 alcimae
387 747 513 790 radix,
540 746 635 783 folia
660 747 901 796 plantaginis
928 747 1098 796 pellunt,
1124 750 1222 784 item
1249 751 1374 798 agari-

196 815 284 838 cum
331 814 379 837 ex
425 814 529 850 aqua
572 800 710 837 mulsa.
766 803 967 837 artemisia
1010 800 1147 837 volvae
1189 801 1374 839 medetur

197 858 305 898 trita,
331 867 379 891 ex
405 854 492 891 oleo
515 857 614 890 irino
639 860 708 890 aut
732 867 821 890 cum
847 854 918 890 fico
943 860 1013 890 aut
1037 867 1126 890 cum
1150 868 1283 891 murra
1306 855 1374 892 ad-

196 910 337 958 posita.
393 907 570 944 eiusdem
604 907 717 943 radix
751 913 848 956 pota
881 910 920 943 in
956 913 1114 944 tantum
1148 914 1294 958 purgat
1328 915 1374 945 ut

194 967 331 1010 partus
363 967 524 997 enectos
556 960 754 997 extrahat.
809 973 966 997 menses
998 967 1040 997 et
1070 961 1264 998 secundas
1294 964 1373 999 ciet

195 1028 394 1051 ramorum
435 1014 644 1051 decoctum
686 1013 963 1057 insidentibus,
1004 1017 1102 1051 item
1143 1013 1238 1051 folia
1276 1021 1373 1064 pota

196 1068 395 1105 drachma.
451 1068 500 1104 ad
541 1067 682 1104 eadem
723 1070 856 1104 omnia
894 1073 1060 1116 prosunt
1099 1067 1162 1104 vel
1199 1070 1371 1117 inposita

197 1124 326 1158 ventri
360 1124 440 1157 imo
474 1134 563 1157 cum
599 1120 726 1157 farina
759 1120 980 1157 hordeacia.
1036 1134 1178 1158 acoron
1213 1134 1371 1171 quoque

197 1175 294 1212 utile
327 1181 389 1212 est
419 1175 672 1211 interioribus
704 1173 942 1211 feminarum
973 1175 1119 1211 morbis
1151 1180 1193 1212 et
1224 1188 1373 1225 conyza

196 1234 366 1278 utraque
401 1234 443 1265 et
475 1227 685 1264 crethmos.
741 1233 783 1264 et
817 1227 1088 1278 anthyllidesss
1117 1228 1220 1265 duae
1249 1229 1372 1266 vulvis

195 1282 429 1319 utilissimae
459 1282 775 1330 torminibusque
806 1287 848 1318 et
877 1281 1139 1318 secundarmn
1168 1295 1302 1319 morae
1331 1285 1372 1319 in

195 1338 286 1372 vino
309 1341 442 1385 potae.
496 1334 694 1371 callithrix
717 1333 804 1371 fotu
827 1334 920 1371 locis
942 1334 1142 1378 medetur,
1165 1335 1372 1385 albugines

195 1391 235 1425 in
251 1391 382 1438 capite
397 1388 518 1432 tollit,
533 1387 694 1438 capillos
713 1388 838 1424 inficit
858 1388 945 1425 oleo
965 1391 1072 1425 trita.
1125 1391 1316 1438 geranion
1330 1392 1371 1426 in

252 1466 264 1484 1
288 1466 409 1497 radicis
431 1466 553 1497 cortice
573 1469 629 1496 vet.
649 1464 738 1502 Dal„
758 1465 915 1506 Illayhoff
925 1477 931 1496 :
965 1465 1085 1502 radice,
1108 1467 1231 1497 cortice
1249 1466 1370 1506 aliquot

204 1509 304 1546 dd
322 1508 523 1591 μ’
553 1550 961 1591 Mffw

249 1593 262 1613 ³
284 1562 489 1635 {gtilylhdes
527 1562 696 1634 'Maygllzoffi
738 1576 971 1625 Hermolaum'
993 1593 1177 1625 Barbarum
1221 1599 1366 1627 secutus:

196 1637 419 1678 canthyllides
442 1637 482 1674 V,
506 1636 678 1677 Detlefsen.

235 1750 249 1765 ⁰
272 1746 322 1778 Cf.
343 1745 555 1778 Dioscorides
572 1745 589 1776 I
609 1747 649 1777 97
666 1745 680 1783 §
697 1747 718 1776 4
738 1745 789 1784 (of
806 1745 1002 1785 ladanum):
1030 1745 1243 1786 ὑποθυμιᾶται
1263 1746 1299 1779 δὲ
1317 1747 1369 1779 καὶ

193 1789 270 1830 πρὸς
297 1788 454 1829 δευτέρων
480 1787 627 1829 ἐκβολάς.
675 1788 756 1820 This
786 1792 944 1820 sentence
973 1791 1048 1828 (not
1078 1790 1224 1821 referred
1253 1793 1290 1821 to
1322 1790 1367 1831 by

192 1832 360 1873 Mayhoff)
378 1832 440 1863 has
460 1831 538 1872 πρὸς
557 1831 715 1871 δευτέρων
731 1830 867 1872 ἐκβολάς
886 1832 938 1863 for
957 1832 1084 1873 Pliny’s
1101 1833 1230 1872 corriyz't
1249 1833 1366 1870 volvas,

190 1886 211 1906 a
227 1876 377 1916 warning
392 1878 429 1906 to
445 1875 571 1905 editors
588 1875 663 1905 who
678 1878 735 1915 try
751 1878 788 1906 to
805 1874 901 1915 bring
917 1874 975 1906 the
992 1878 1060 1906 two
1077 1877 1205 1907 writers
1220 1877 1293 1907 into
1308 1879 1367 1908 too

191 1918 278 1950 close
294 1921 498 1959 agreement.

235 1961 247 1979 ⁶
271 1961 379 1992 Littre
398 1961 459 1991 has
479 1960 498 1971 “
514 1960 623 2001 guerit
642 1959 848 2000 l'hysterie.”
896 1960 956 1991 See
975 1961 1130 1992 however
1148 1961 1206 1992 the
1224 1964 1304 1992 note
1323 1972 1366 1993 on

190 2004 204 2041 §
223 2004 283 2034 152
299 2003 338 2034 of
349 2003 417 2034 this
434 2002 532 2034 book.

236 2051 247 2065 ⁶
270 2045 331 2077 See
348 2046 485 2077 Littre‘s
501 2045 601 2076 index
621 2045 707 2083 (Vol.
726 2045 772 2084 X)
789 2045 847 2076 sub
864 2056 944 2077 voce.

192 2103 262 2150 380
