1459 2288
148 466 206 498 169

145 1110 204 1140 170

143 1624 199 1654 171

437 167 630 205 PLINY:
677 169 940 206 NATURAL
975 170 1210 206 HISTORY

234 270 354 306 lante.
411 284 432 307 e
471 270 626 306 diverso
666 271 829 320 quidam
868 274 977 321 regio
1015 273 1153 309 morbo
1191 285 1281 309 cum
1320 276 1410 310 vino

234 334 433 370 dederunt
459 340 500 371 et
525 340 663 371 contra
688 338 820 371 omnia
846 338 998 372 vesicae
1025 338 1134 379 vitia,
1160 339 1258 373 item
1283 337 1410 374 cordis

235 404 276 434 et
318 401 510 435 iocineris.
567 398 778 435 extrahere
821 400 981 436 renibus
1024 399 1216 436 harenam
1257 400 1408 438 dixere.

232 461 452 498 ischiadicis
471 462 701 499 drachmam
720 476 810 499 cum
829 463 1048 513 oxymelite
1068 464 1118 500 ab
1138 464 1409 502 ambulatione

233 529 508 576 propinavere,
530 527 766 563 torminibus
790 540 949 577 quoque
973 533 1015 564 et
1037 530 1077 564 in
1106 541 1221 578 passo
1251 529 1409 565 utilissi-

233 604 353 634 mam,
382 590 621 640 praecordiis
651 594 774 628 etiam
801 592 889 628 cibo
918 605 966 628 ex
996 598 1110 629 aceto
1139 605 1228 629 eam
1255 593 1410 642 praedi·

233 660 370 691 cantes
403 661 664 705 serentesque
696 658 737 691 in
768 655 904 692 hortis.
959 669 1033 692 nec
1065 655 1231 693 defuere
1264 660 1332 706 qui
1366 663 1408 694 et

233 719 405 755 alterum
442 732 569 770 genus
609 718 789 756 facerent
826 733 899 756 nec
942 720 1059 769 quale
1098 726 1204 757 esset
1248 721 1410 758 demon-

232 789 420 827 strarent,
447 789 586 820 contra
611 790 818 833 serpentes
845 787 885 820 in
913 797 1017 834 aqua
1042 784 1261 821 bibendam
1288 786 1408 822 eden-

231 848 405 897 damque
430 848 695 884 comitialibus
719 848 873 885 dantes.
929 862 999 885 nos
1021 861 1110 885 eam
1134 848 1321 885 Romanis
1342 862 1409 886 ex-

232 914 465 960 perimentis
498 925 569 962 per
602 925 694 949 usus
728 912 967 962 digeremus.
1022 912 1168 963 lanugo
1202 916 1286 950 eius
1319 927 1408 950 cum

231 989 344 1012 croco
358 982 399 1013 et
412 979 558 1026 exiguo
571 989 698 1026 aquae
712 976 880 1027 frigidae
893 979 989 1013 trita
1001 977 1182 1014 inlinitur
1195 977 1408 1027 epiphoris,

231 1046 339 1077 tosta
356 1053 446 1076 cum
463 1043 565 1077 mica
582 1041 673 1077 salis
691 1044 862 1078 strumis.

281 1104 405 1142 CVII.
436 1105 690 1154 Ephemeron
730 1104 824 1142 folia
862 1105 986 1142 habet
1014 1105 1096 1149 lilii,
1130 1105 1200 1142 sed
1234 1108 1408 1150 minora;

231 1169 386 1205 caulem
429 1183 580 1218 parem,
625 1169 762 1206 florem
805 1170 1047 1214 caeruleum,
1091 1183 1229 1207 semen
1272 1183 1407 1220 super-

231 1246 412 1277 vacuum,
429 1234 603 1270 radicem
620 1247 741 1270 unam
756 1234 912 1284 digitali
929 1234 1203 1277 crassitudine,
1220 1235 1407 1272 dentibus

231 1301 488 1347 praecipuam
535 1301 731 1335 concisam
777 1301 817 1334 in
865 1304 979 1335 aceto
1026 1298 1315 1348 decoctamque
1362 1305 1407 1336 ut

227 1362 365 1411 tepido
397 1362 634 1399 colluantur.
691 1368 732 1400 et
759 1365 844 1412 ipsa
870 1365 993 1399 etiam
1020 1362 1132 1399 radix
1159 1366 1277 1407 sistit,
1304 1366 1408 1400 cavis

231 1429 339 1463 exesi
356 1427 369 1449 1
401 1429 638 1476 inprimitur.
704 1427 953 1464 chelidoniae
974 1427 1086 1463 radix
1107 1440 1156 1463 ex
1179 1433 1292 1464 aceto
1313 1430 1409 1465 trita

229 1493 458 1528 continetur
488 1505 568 1535 ore,
601 1494 720 1528 erosis
751 1498 954 1528 veratrum
982 1494 1140 1541 nigrum
1168 1494 1408 1541 inprimitur,

230 1555 395 1592 mobiles
417 1555 611 1592 utrolibet
632 1556 798 1592 decocto
819 1558 859 1592 in
881 1562 996 1593 aceto
1017 1555 1236 1592 firmantur.

279 1619 426 1656 CVIII.
458 1620 633 1656 Labrum
687 1620 903 1656 Venerium
956 1626 1099 1657 vocant
1152 1623 1192 1656 in
1245 1619 1408 1657 flumine

229 1690 473 1721 nascentem.
566 1691 627 1721 est
667 1687 702 1721 ei
741 1684 979 1721 vermiculus
1019 1686 1086 1733 qui
1124 1687 1226 1721 circa
1264 1684 1407 1721 dentes

229 1747 420 1785 fricatur2
441 1754 511 1785 aut
535 1751 638 1785 cavis
664 1748 846 1785 dentium
871 1761 961 1785 cera
984 1748 1211 1785 includitur.
1266 1762 1406 1786 caven-

230 1812 326 1849 dum
347 1825 397 1849 ne
419 1813 554 1849 avulsa
574 1812 699 1850 herba
718 1819 867 1849 terram
888 1818 1043 1862 tangat.

284 1907 294 1925 1
313 1907 400 1937 carie
413 1907 521 1937 exesis
533 1906 618 1937 coni.
634 1905 791 1946 Mayhoff
801 1905 1021 1946 (Appendix).
1068 1906 1159 1938 sistit
1173 1906 1307 1943 cariem,
1322 1907 1406 1939 caris

240 1950 331 1979 exesi
348 1950 417 1988 <si>
434 1950 642 1989 imprimitur
658 1949 742 1980 coni.
767 1949 1002 1988 Warminqton.

283 1992 295 2010 2
319 1992 460 2023 fricatur
480 1992 642 2032 Mayhoff,
663 1992 719 2031 qui
738 1992 846 2022 XXII
868 1993 925 2022 121
947 1991 1089 2032 confert:
1121 1992 1270 2023 nectitur
1289 1992 1404 2032 Dellef-

236 2044 311 2065 sen:
344 2035 467 2075 ligatur
486 2035 567 2074 ναῖς.
585 2047 592 2066 :
622 2038 763 2066 necatur
779 2035 868 2066 codd.

229 2088 300 2135 256
