1459 2288
105 384 146 415 49

105 863 146 893 50

107 1289 145 1320 51

371 64 566 102 PLINY:
612 64 876 101 NATURAL
910 63 1146 101 HISTORY

170 167 435 210 rubescentia,
451 172 621 215 utraque
641 165 753 202 caule
772 165 930 215 palmeo
942 165 957 188 ¹
976 165 1190 209 ferulaceo,
1209 166 1348 202 bulbo-

170 234 258 256 rum
299 222 442 256 tunicis
484 219 707 262 convoluto,
748 219 880 255 radice
923 218 1120 255 fimbriata
1161 231 1348 268 ceparum

171 273 301 310 modo.
355 276 467 322 nigro
509 275 614 321 equi,
655 273 789 315 boves,
831 285 920 308 sues
962 278 1168 315 necantur,
1211 274 1348 321 itaque

171 332 315 363 cavent
354 327 407 369 id,
447 339 537 362 cum
578 325 747 362 candido
788 330 1008 361 vescantur.
1062 327 1349 374 tempestivum

177 392 262 416 esse
283 379 448 416 tradunt
468 379 672 415 messibus.
726 378 939 428 plurimum
961 384 1097 414 autem
1118 380 1290 414 nascitur
1310 380 1349 414 in

172 432 277 469 Oete
300 438 451 475 monte,
475 437 516 468 et
538 434 733 481 optimum
755 445 834 468 uno
858 434 939 468 eius
962 431 1046 468 loco
1069 433 1169 467 circa
1192 429 1348 481 Pyram.

172 488 328 535 nigrum
350 486 497 534 ubique
518 487 714 534 provenit,
736 485 806 521 sed
827 484 969 520 melius
990 487 1031 520 in
1052 484 1259 527 Helicone,
1282 486 1349 533 qui

172 552 283 575 mons
315 544 357 575 et
387 538 471 574 aliis
502 537 688 574 laudatur
717 538 861 574 herbis.
916 537 1130 574 candidum
1160 537 1351 586 probatur

172 591 391 628 secundum
413 591 613 628 Oetaeum
635 590 857 634 Ponticum,
879 593 1000 627 tertio
1020 590 1105 626 loco
1126 590 1350 626 Eleaticum

173 645 279 694 quod
321 647 361 681 in
404 645 549 681 vitibus
593 647 699 680 nasci
742 643 890 686 ferunt,
934 649 1076 693 quarto
1120 642 1349 679 Parnasium

173 698 279 747 quod
301 698 550 734 adulteratur
572 697 754 734 Aetolico
777 710 825 733 ex
848 699 986 733 vicino.
1041 699 1198 746 nigrum
1221 709 1269 732 ex
1291 695 1350 732 his

172 751 481 800 melampodium
514 756 669 793 vocant,
703 764 780 800 quo
819 756 860 787 et
892 750 1032 786 domus
1069 749 1230 786 suffiunt
1261 762 1351 798 pur-

172 810 364 855 gantque,
411 809 644 853 spargentes
693 810 734 840 et
780 816 936 852 pecora,
983 816 1073 839 cum
1119 805 1349 851 precatione

171 857 363 894 sollemni.
419 857 491 893 hoc
515 863 557 893 et
578 857 796 906 religiosius
819 856 1030 906 colligitur,
1053 858 1224 905 primum
1247 858 1352 892 enim

172 911 306 961 gladio
328 911 671 953 circumscribitur,
693 910 786 946 dein
808 912 875 959 qui
898 912 1115 946 succisurus
1138 915 1199 945 est
1220 915 1351 946 ortum

173 969 329 1013 spectat
347 969 389 1000 et
406 969 590 1013 precatur
608 969 652 1000 ut
669 963 709 999 id
725 962 844 999 liceat
861 963 934 999 sibi
952 962 1260 999 concedentibus
1277 962 1352 999 diis

172 1017 316 1060 facere,
356 1017 620 1065 observatque
675 1016 833 1065 aquilae
886 1015 1055 1059 volatus,
1108 1014 1192 1051 fere
1246 1017 1351 1051 enim

172 1070 397 1107 secantibus
419 1072 587 1106 interest
609 1075 663 1113 et,
685 1072 715 1105 si
736 1082 859 1118 prope
882 1069 1093 1111 advolavit,
1115 1071 1351 1105 moriturum

172 1124 239 1160 illo
257 1137 360 1160 anno
378 1126 445 1172 qui
462 1123 638 1159 succidat
656 1125 866 1172 augurium
885 1128 958 1158 est.
994 1135 1068 1158 nec
1085 1121 1221 1158 album
1237 1120 1352 1158 facilc

173 1177 384 1227 colligitur,
402 1182 523 1226 caput
541 1176 760 1225 adgravans
779 1178 966 1218 maxime,
984 1178 1057 1211 nisi
1075 1180 1353 1224 praesumatur

173 1230 295 1266 alium
344 1236 386 1267 et
434 1229 601 1266 subinde
651 1231 785 1265 vinum
834 1229 1041 1265 sorbeatur
1089 1228 1352 1277 celeriterque

171 1283 355 1320 fodiatur.
410 1285 567 1333 nigrum
598 1282 664 1318 alii
695 1282 910 1319 ectomon2
940 1287 1096 1325 vocant,
1127 1281 1192 1317 alii
1222 1281 1352 1331 polyr-

172 1337 319 1373 rhizon.
374 1341 519 1386 purgat
543 1349 614 1385 per
638 1334 806 1378 inferna,
831 1335 1046 1372 candidum
1072 1340 1207 1371 autem
1232 1336 1350 1370 vomi-

173 1393 296 1433 tione,
351 1402 568 1439 causasque
622 1389 850 1425 morborum
906 1388 1094 1431 extrahit,
1150 1387 1351 1437 quondam

173 1443 362 1487 terribile,
384 1449 523 1492 postea
545 1448 629 1479 tam
650 1444 915 1492 promiscuum
938 1447 982 1478 ut
1003 1441 1182 1490 plerique
1204 1441 1353 1477 studio-

224 1522 235 1540 1
259 1519 393 1561 palmeo
409 1519 493 1551 coni.
512 1519 669 1559 Mayhoff
682 1518 812 1550 XXVI.
832 1519 846 1557 §
864 1519 904 1549 95
921 1517 990 1549 coll.
1008 1529 1015 1548 ι
1046 1516 1190 1558 palmari
1211 1516 1351 1554 Urlichs,

180 1563 343 1603 Detlefsen
359 1574 365 1593 :
395 1562 501 1603 palmi
517 1562 605 1593 codd.
624 1566 652 1593 et
668 1561 830 1601 Illayhoff.

224 1607 236 1625 2
260 1609 418 1637 ectomon
442 1605 548 1636 Hard.
574 1615 611 1636 ex
636 1604 856 1644 Theophrasto
884 1607 912 1634 et
935 1603 1147 1634 Dioscoride:
1185 1612 1352 1644 encymon

179 1648 289 1690 plures
305 1648 406 1686 codd.‚
424 1647 599 1688 Detlefsen‚
618 1647 775 1687 fllaykoff
786 1659 793 1677 ι
824 1646 1015 1687 euchymon
1032 1645 1116 1685 vulq.

220 1739 235 1753 ⁰
258 1734 308 1766 Cf.
326 1734 581 1775 Theophrastus
598 1734 685 1764 H.P.
706 1733 774 1764 IX.
793 1733 834 1764 10
855 1733 869 1772 ἓ
884 1733 905 1763 4
924 1731 1111 1772 καθαίρουσι
1130 1730 1164 1763 δὲ
1180 1729 1233 1763 καὶ
1248 1730 1352 1764 οἰκίας

175 1777 262 1818 αὐτῷ
279 1776 332 1809 καὶ
349 1777 497 1817 πρόβατα
513 1776 746 1815 συνεπᾴδοντές
762 1789 835 1807 τινα
852 1774 992 1815 ἐπῳδήν.

221 1821 234 1839 ¹⁷
257 1820 317 1852 See
333 1819 588 1861 Theophrastus
604 1819 668 1850 IX.
688 1820 727 1850 lO
744 1820 758 1858 ἓ
773 1820 794 1849 4
809 1831 816 1850 ;
847 1818 982 1849 καλοῦσι
1005 1816 1039 1849 δὲ
1055 1817 1112 1849 τὸν
1126 1816 1248 1857 μέλανά
1268 1828 1353 1850 τινες

175 1863 313 1903 ἔκτομον
335 1862 580 1902 Μελαμπόδιον,
598 1861 641 1895 ὡς
663 1861 787 1893 ἐκείνου
808 1863 936 1901 πρῶτον
956 1860 1110 1900 τεμόντος
1134 1859 1187 1891 καὶ
1203 1859 1352 1899 ἀνευρόν-

176 1919 240 1940 τος.
281 1906 500 1937 ‘Dioscorides
514 1905 571 1936 IV.
594 1906 670 1936 162:
698 1904 867 1944 ἐλλέβορος
879 1903 988 1944 μέλας·
1014 1903 1044 1934 οἱ
1058 1902 1092 1935 δὲ
1105 1901 1350 1943 Μελαμπόδιον,

176 1948 207 1980 οἱ
222 1948 255 1980 δὲ
272 1948 422 1989 ἔκτομον,
439 1948 469 1980 οἱ
486 1948 519 1980 δὲ
537 1947 728 1988 πολύρριζον
743 1946 888 1979 καλοῦσι.

177 2005 242 2040 172
