1459 2288
93 502 133 530 54

94 1089 135 1117 55

94 1407 135 1438 56

362 179 556 216 PLINY:
603 180 865 216 NATURAL
900 179 1136 217 HISTORY

160 281 333 318 decoctis
369 285 407 317 in
444 281 547 317 lacte
583 281 780 317 radicibus
816 285 932 330 potiS,
969 288 1011 318 et
1047 281 1337 318 aristolochiam

161 337 354 371 victoriati
386 334 562 383 pondere
594 337 634 370 in
665 334 819 385 cyathis
850 337 929 371 vini
960 335 1098 371 tribus.
1153 348 1255 384 quae
1287 348 1336 371 ex

160 401 276 437 supra
310 388 424 424 dictis
457 387 586 424 calida
618 394 838 431 sumentur,
872 387 970 424 haec
1003 388 1201 425 candente
1234 388 1336 425 ferro

161 444 373 490 temperari
396 444 526 490 aptius
548 443 633 477 erit.
690 454 711 477 e
731 441 885 477 diverso
906 447 1051 491 purgat
1072 441 1202 478 alvum
1223 455 1337 478 sucus

160 497 351 531 centaurii
389 497 549 531 minoris
586 494 774 531 drachma
810 498 850 530 in
886 494 1046 530 hemina
1084 508 1212 544 aquae
1249 508 1338 531 cum

162 551 306 597 exiguo
347 548 437 584 salis
480 554 522 584 et
563 550 665 584 aceti
708 548 909 597 bilemque
952 547 1144 592 detrahit,
1186 551 1333 584 maiore

161 604 330 637 tormina
353 601 631 638 discutiuntur.
687 604 888 637 vettonica
910 601 1040 638 alvum
1063 601 1180 638 solvit
1201 601 1338 638 drach-

161 658 232 691 mis
265 661 456 704 quattuor
486 657 526 691 in
558 654 833 704 hydromelitis
865 654 1018 704 cyathis
1052 668 1207 698 novem,
1239 658 1337 691 item

162 707 435 757 euphorbeum
453 708 514 744 vel
535 711 736 757 agaricum
756 707 951 744 drachmis
972 708 1126 744 duabus
1147 721 1237 744 cum
1257 708 1337 744 sale

160 761 315 798 modico
344 768 483 810 potum
513 775 562 797 ex
592 775 696 810 aqua
725 767 794 798 aut
822 764 862 797 in
891 761 1017 797 mulso
1046 761 1169 798 obolis
1198 762 1336 798 tribus.

161 815 278 851 solvit
295 821 335 851 et
351 815 589 865 cyclaminos
607 828 655 851 ex
673 828 776 864 aqua
792 821 888 864 pota
904 821 973 851 aut
989 814 1140 851 balanis
1156 815 1338 858 subditis,

161 871 257 904 item
299 867 552 904 chamaecissi
593 868 770 904 balanus.
825 868 964 918 hysopi
1005 868 1230 917 manipulus
1271 868 1338 904 de-

162 928 296 958 coctus
331 922 380 957 ad
410 925 548 958 tertias
579 935 668 957 cum
703 922 783 957 sale
815 928 857 957 et
890 924 1054 970 pituitas
1089 921 1241 958 trahitl
1276 921 1338 957 vel

161 978 278 1011 tritus
296 978 335 1011 in
353 975 572 1024 oxymelite
591 981 633 1011 et
650 975 744 1018 sale,
762 975 957 1024 pellitque
975 977 1122 1011 ventris
1141 975 1337 1011 animalia.

161 1031 349 1077 pituitam
373 1034 414 1064 et
437 1028 556 1064 bilem
580 1028 756 1064 detrahit
779 1028 999 1077 peucedani
1023 1028 1147 1064 radix.

211 1081 374 1118 XXXV.
404 1081 550 1117 Alvum
566 1088 739 1131 purgant
755 1081 999 1131 anagallides
1017 1094 1064 1117 ex
1081 1095 1185 1131 aqua
1199 1081 1339 1125 mulsa,

163 1138 259 1171 item
298 1134 563 1184 epithymum,
600 1138 666 1184 qui
704 1141 764 1171 est
800 1134 869 1171 flos
907 1148 928 1171 e
964 1134 1105 1185 thymo
1140 1137 1339 1171 satureiae

162 1188 289 1225 simili.
344 1188 583 1231 differentia,
611 1188 717 1237 quod
743 1188 805 1224 hic
831 1187 1049 1224 herbaceus
1077 1193 1151 1231 est,
1179 1187 1340 1224 alterius

162 1241 289 1291 thymi
309 1242 444 1285 albus;
476 1241 638 1290 quidam
656 1241 911 1291 hippopheon
929 1247 1082 1278 vocant.
1138 1241 1341 1278 stomacho

162 1298 290 1331 minus
323 1295 430 1332 utilis
462 1297 697 1331 vomitiones
729 1301 877 1337 movet,
909 1295 977 1331 sed
1010 1298 1181 1331 tormina
1212 1301 1254 1331 et
1284 1297 1340 1331 in-

163 1347 343 1385 flationes
368 1348 544 1385 discutit.
599 1351 768 1385 sumitur
793 1354 833 1384 et
859 1348 1070 1397 ecligmate
1096 1348 1146 1384 ad
1171 1351 1340 1397 pectoris

162 1404 257 1438 vitia
283 1415 373 1438 curn
400 1401 518 1438 melle
546 1407 588 1438 et
614 1401 827 1451 aliquando
854 1401 962 1438 iride.
1019 1401 1150 1437 alvum
1176 1401 1292 1438 solvit
1319 1415 1342 1437 a

163 1461 353 1504 quattuor
376 1455 571 1491 drachmis
596 1454 645 1491 ad
669 1468 737 1491 sex
762 1468 850 1491 cum
876 1455 993 1491 melle
1018 1460 1059 1491 et
1083 1457 1228 1504 exiguo
1251 1454 1340 1491 salis

163 1514 285 1558 atque
307 1512 422 1545 aceti.
478 1508 639 1558 quidam
662 1509 777 1544 aliter
799 1508 1049 1558 epithymum
1071 1508 1237 1544 tradunt
1257 1511 1340 1544 sine

162 1562 293 1598 radice
340 1565 459 1605 nasci,
505 1565 636 1611 capite
682 1564 794 1598 tenui
811 1561 826 1584 2
871 1561 1132 1597 similitudine
1177 1561 1340 1610 pallioli,

163 1616 323 1659 rubens,
341 1618 475 1651 siccari
493 1618 533 1651 in
551 1616 705 1658 umbra,
723 1615 804 1651 bibi
823 1628 871 1651 ex
891 1628 994 1664 aqua
1011 1614 1209 1651 acetabuli
1226 1621 1340 1664 parte

162 1668 341 1711 dimidia,
372 1668 585 1705 detrahere
616 1671 804 1718 pituitam
835 1668 1050 1717 bilemque,
1082 1667 1169 1704 alvo
1198 1668 1342 1704 leniter

218 1744 225 1761 ¹
251 1743 327 1773 Post
346 1742 455 1773 trahit
473 1742 542 1781 d(?)
563 1746 591 1772 et
609 1742 692 1781 vulq.
713 1741 830 1772 inlitus
849 1742 983 1772 addunt.

219 1787 230 1804 ²
254 1786 365 1826 capite
388 1786 482 1816 tenui
506 1785 589 1815 coni.
614 1784 771 1825 Mayhoff
789 1784 844 1815 sed
866 1785 903 1814 in
925 1788 1010 1815 textu
1033 1788 1135 1815 tenue
1158 1794 1231 1815 cum
1254 1784 1338 1814 Har-

175 1829 278 1859 dm'no
293 1841 300 1859 :
330 1829 442 1859 tenuis
458 1828 622 1868 Detlefsen
637 1840 644 1859 :
674 1828 770 1858 tenui
786 1827 874 1858 codd.

209 1934 286 1964 “In
306 1933 374 1964 this
395 1933 545 1973 chapter,
566 1943 602 1963 as
621 1933 655 1962 in
676 1935 765 1963 most
785 1932 1025 1972 pr·eSC1iptions
1044 1932 1144 1972 given
1164 1931 1210 1972 by
1230 1931 1340 1972 Pliny

164 1976 328 2017 although
341 1976 399 2006 the
413 1976 556 2016 dosage'
549 1986 576 2006 ls
589 1974 683 2006 often
697 1975 752 2015 giv
755 1985 808 2011 en,
822 1975 880 2005 the
894 1975 1077 2014 frequency
1091 1974 1128 2004 of
1137 1974 1196 2005 the
1207 1943 1328 2005 dosesy
1313 1985 1341 2005 1s

164 2019 320 2055 omitted,
340 2029 376 2049 as
395 2019 422 2049 is
441 2019 499 2049 the
518 2018 634 2059 length
653 2017 691 2047 of
706 2017 764 2048 the
783 2020 980 2048 treatment.
1027 2016 1134 2047 These
1152 2018 1341 2058 important

163 2063 278 2104 points
295 2071 351 2092 are
369 2061 462 2092 often
481 2061 542 2092 left
559 2063 595 2092 to
614 2060 739 2091 chance
757 2070 794 2090 or
811 2070 967 2091 common
984 2069 1088 2090 sense.

164 2127 233 2161 304
