1459 2288
57 385 116 416 108

56 759 114 789 109

54 1239 112 1269 110

54 1559 110 1589 111

344 170 538 207 PLINY:
584 171 848 208 NATURAL
880 171 1117 209 HISTORY

142 273 356 310 triclinium
389 274 497 322 qual
530 273 742 316 maduerit,
773 273 957 309 laetiores
989 276 1190 310 convictus
1222 273 1317 310 fieri.

143 327 329 363 adversus
350 332 555 375 serpentes
575 329 794 362 conteritur
814 339 862 362 ex
883 329 984 362 vino.

194 380 277 416 LX.
307 380 379 416 Est
394 379 530 415 similis
545 380 731 416 verbasco
745 379 868 415 herba
883 393 985 428 quae
999 393 1118 429 saepe
1133 379 1235 416 fallit
1249 393 1319 429 pro

143 446 190 470 ea
202 439 333 482 capta,
347 432 448 469 foliis
462 435 590 469 minus
603 433 795 476 candidis,
808 433 1008 469 cauliculis
1021 433 1210 482 pluribus,
1225 433 1318 470 flore

142 487 263 523 luteo.
318 486 416 522 haec
441 487 598 522 abiecta
622 486 770 522 blattas
794 489 834 522 in
858 499 900 523 se
924 486 1123 523 contrahit
1146 486 1316 536 ideoque

143 540 293 576 Romae
313 539 502 576 blattaria
521 545 694 576 vocatur.

194 593 300 629 LXI.
333 592 622 629 Molemonium
664 606 802 629 sucum
844 593 1018 629 lacteum
1061 595 1188 630 mittit
1229 606 1319 630 con-

141 652 387 683 crescentem
398 649 568 696 gummis
581 646 712 689 modo,
723 646 867 683 umidis
878 646 983 683 locis.
1038 646 1157 683 datur
1168 646 1316 683 denarii

141 700 295 749 pondus
314 702 354 736 in
373 703 475 736 vino.

192 753 320 789 LXII.
350 752 677 802 Quinquefoliurn
692 752 789 789 nulli
803 755 986 802 ignotum
1002 758 1075 796 est,
1091 765 1181 789 cum
1197 756 1318 790 etiam

143 805 255 856 fraga
297 807 499 856 gignendo
540 806 855 849 commendetur,
898 805 1039 842 Graeci
1078 812 1318 855 pentapetes

143 866 213 896 aut
259 859 549 909 pentaphyllon
584 865 653 896 aut
699 859 978 895 chamaezelon
1021 866 1174 896 vocant.
1229 873 1319 896 cum

143 912 341 956 effoditur,
374 914 535 949 rubram
567 912 690 949 habet
723 913 908 949 radicem.
963 912 1061 949 haec
1094 916 1316 949 inarescens

142 969 330 1016 nigrescit
350 972 391 1002 et
411 966 602 1016 angulosa
622 966 677 1002 fit.
733 979 878 1002 nomen
897 979 920 1002 a
938 979 1103 1002 numero
1122 965 1316 1003 foliorum.

143 1026 184 1056 et
198 1023 281 1069 ipsa
295 1019 419 1056 herba
432 1022 571 1068 incipit
585 1025 626 1056 et
640 1020 785 1056 desinit
799 1032 888 1055 cum
902 1022 995 1056 vite.
1051 1019 1264 1056 adhibetur
1277 1025 1318 1056 et

142 1073 358 1123 purgandis
379 1073 573 1109 domibus.

195 1126 346 1163 LXIII.
376 1127 576 1163 Adversus
607 1132 813 1175 serpentes
843 1127 993 1162 bibitur
1022 1131 1064 1163 et
1094 1129 1176 1163 eius
1206 1126 1317 1163 radix

143 1193 246 1229 quae
265 1183 503 1230 sparganion
522 1186 685 1216 vocatur
705 1193 753 1216 ex
773 1182 862 1216 vino
881 1179 982 1216 albo.

189 1233 331 1270 LXIV.
368 1233 495 1269 Dauci
541 1246 691 1283 genera
735 1238 925 1282 quattuor
969 1232 1065 1270 fecit
1110 1231 1318 1270 Petronius

144 1287 355 1329 Diodotus,
398 1299 500 1336 quae
542 1289 727 1336 persequi
768 1286 864 1322 nihil
907 1289 1068 1330 attinet,
1109 1299 1199 1323 eum
1240 1289 1319 1323 sint

142 1339 392 1377 differentiae
433 1340 550 1383 duae,
590 1341 856 1389 probatissimi
896 1343 935 1376 in
975 1340 1109 1383 Creta,
1148 1353 1239 1376 mox
1279 1342 1319 1376 in

143 1393 293 1430 Achaia
324 1400 365 1430 et
394 1394 634 1442 ubicumque
663 1396 703 1429 in
732 1396 841 1429 siccis
870 1396 968 1436 nati,
997 1392 1158 1429 feniculi
1186 1393 1319 1429 simili—

142 1447 297 1490 tudine,
321 1447 613 1483 candidioribus
637 1446 738 1483 foliis
763 1452 804 1483 et
825 1447 1039 1483 minoribus
1065 1446 1318 1495 hirsutisque,

142 1501 253 1537 caule
273 1500 406 1550 pedali
425 1506 548 1543 recto,
568 1500 699 1536 radice
719 1503 937 1536 suavissimi
956 1505 1096 1550 gustus
1116 1506 1157 1537 et
1176 1500 1316 1536 odoris.

138 1554 211 1590 hoc
241 1557 281 1590 in
311 1557 459 1590 saxosis
489 1556 664 1590 nascitur
693 1554 933 1590 meridianis.
988 1553 1142 1602 reliqua
1170 1566 1319 1603 genera

143 1608 290 1657 ubique
316 1613 531 1644 nascuntur
555 1610 723 1643 terrenis
748 1607 912 1643 collibus
936 1607 1222 1656 limitibusque,
1246 1620 1319 1643 nec

192 1680 202 1698 ¹
227 1679 313 1709 Ante
340 1689 407 1718 qua
432 1678 506 1710 add.
533 1679 566 1710 in
594 1678 758 1718 illayhoff,
786 1678 841 1718 qui
867 1678 1013 1710 XXIII.
1040 1678 1055 1717 ξ
1082 1679 1155 1715 140,
1182 1678 1318 1710 XXIV.

145 1723 160 1762 ἓ
176 1723 228 1759 90,
244 1723 313 1753 XX
324 1722 381 1753 VI.
397 1722 412 1760 ξ
428 1723 469 1752 29
484 1721 614 1762 confert.

184 1801 197 1815 ‘²
222 1797 302 1828 This
333 1798 360 1828 is
391 1807 411 1827 a
442 1801 578 1837 strange
609 1800 779 1833 sentence,
811 1796 864 1827 for
893 1796 965 1827 eius
995 1796 1117 1827 should
1147 1796 1319 1837 naturally

140 1840 225 1871 refer
244 1844 280 1871 to
301 1839 492 1880 cinquefoil,
513 1840 688 1871 described
706 1841 740 1871 in
760 1839 819 1870 the
838 1839 904 1870 last
923 1839 1081 1880 Chapter.
1128 1839 1195 1871 Jan
1215 1840 1249 1870 in
1269 1839 1319 1871 his

139 1888 248 1919 Index
264 1888 415 1928 actually
437 1888 497 1919 has
513 1900 520 1919 :
551 1888 570 1899 “
585 1888 787 1927 sparganion
804 1888 1026 1928 quinquefolii
1042 1887 1138 1918 radix
1154 1884 1204 1920 25
1222 1887 1317 1919 109.”

139 1931 210 1962 But
237 1932 441 1971 sparganion
468 1931 495 1962 is
522 1941 543 1961 a
570 1930 677 1971 plant,
706 1931 888 1967 bur-weed,
913 1931 952 1962 of
970 1930 1080 1961 which
1108 1931 1320 1962 Dioscorides

139 1975 233 2014 gives
255 1985 297 2005 an
321 1978 477 2005 account.
525 1974 595 2004 The
623 1974 689 2004 last
715 1977 874 2005 sentence
896 1974 935 2004 of
957 1974 1026 2005 this
1052 1984 1156 2005 runs:
1196 1973 1318 2005 δίδοται

141 2017 174 2048 δὲ
202 2016 221 2057 ἡ
246 2017 317 2056 ῥίζα
343 2016 395 2048 καὶ
421 2016 438 2047 ὁ
463 2017 584 2056 καρπὸς
610 2017 668 2047 σὺν
694 2017 771 2057 οἴνῳ
799 2015 1034 2056 θηριοδήκτοις,
1060 2016 1120 2048 IV.
1149 2018 1201 2048 21.
1248 2016 1319 2047 The

140 2065 298 2091 sentence
318 2060 352 2090 in
373 2059 471 2100 Pliny
492 2069 599 2091 seems
618 2063 655 2090 to
675 2059 716 2090 be
736 2070 756 2090 a
775 2059 903 2100 typical
924 2060 1016 2100 pieee
1035 2059 1074 2090 of
1090 2059 1317 2091 carelessness.

143 2106 213 2141 216
