1459 2288
115 1071 156 1101 30

116 1657 153 1687 31

380 200 575 237 PLINY:
622 200 885 237 NATURAL
919 200 1156 238 HISTORY

179 311 356 348 tenuem,
389 307 509 341 trium
541 304 624 341 fere
656 304 891 354 palmorum,
923 307 1045 341 tertia
1075 310 1190 354 parte
1221 304 1354 341 radice

179 364 371 406 breviore,
392 362 494 399 foliis
514 370 629 400 rutae
651 366 752 399 circa
772 365 896 399 imum
916 363 1082 399 caulem.
1136 365 1176 399 in
1197 363 1358 400 ramulis

180 435 316 458 semen
341 427 402 458 est
426 424 510 458 uvis
536 421 873 471 dependentibus,
899 421 1019 458 odore
1044 424 1180 458 vinoso
1205 435 1284 471 qua
1308 421 1358 458 de

179 494 297 517 causa
314 481 452 530 botrys
472 493 495 516 a
515 479 754 530 quibusdam
773 486 949 523 vocatur,
970 480 1019 516 ab
1039 479 1123 516 aliis
1144 482 1356 517 artemisia.

179 545 417 576 coronantur
443 538 512 575 illa
541 538 810 588 Cappadoces.
866 551 957 575 usus
987 541 1070 574 eius
1100 538 1151 575 ad
1179 551 1227 575 ea
1256 551 1358 588 quae

180 597 324 634 discuti
344 611 442 646 opus
462 600 524 634 sit.

227 656 320 692 XII.
350 657 523 692 Anonim
540 656 703 705 quidam
719 656 892 692 ononida
906 655 1062 692 malunt
1077 669 1216 692 vocare
1231 669 1358 692 ramo-

179 729 276 757 sam,
292 714 460 751 similem
475 713 568 751 feno
584 714 751 758 Graeco,
766 717 839 750 nisi
854 713 1077 751 fruticosior
1091 713 1357 764 hirsutiorque

181 780 298 817 esset,
340 773 461 810 odore
508 773 693 816 iucunda,
740 779 830 822 post
878 786 945 809 ver
962 773 975 795 ¹
1023 775 1191 822 spinosa.
1247 779 1356 810 estur

180 835 302 869 etiam
326 835 454 868 muria
478 832 653 875 condita,
678 845 815 868 recens
841 845 933 868 vero
958 834 1156 881 margines
1181 831 1358 868 ulcerum

181 890 320 927 erodit.
375 890 487 927 radix
519 890 756 939 decoquitur
786 893 826 926 in
857 903 976 939 posca
1006 890 1131 926 dolori
1162 889 1356 927 dentium.

181 949 322 986 eadem
347 963 437 986 cum
461 949 580 986 melle
604 955 700 998 pota
724 948 892 985 calculos
917 949 1042 998 pellit.
1097 948 1361 985 comitialibus

181 1008 298 1045 (latur
313 1011 353 1043 in
371 1007 589 1058 oxymelite
607 1008 772 1044 decocta
789 1007 839 1043 ad
855 1007 1049 1043 dimidias.

232 1066 348 1102 XIII.
378 1066 600 1116 Anagyros,
622 1080 741 1115 quam
761 1065 881 1115 aliqui
901 1079 1051 1115 acopon
1072 1072 1228 1109 vocant,
1247 1065 1359 1102 fruti-

181 1139 271 1161 cosa
290 1131 364 1168 est,
383 1128 511 1174 gravis
530 1125 664 1168 odore,
683 1124 777 1161 flore
797 1125 925 1168 oleris,
944 1138 1081 1161 semen
1098 1127 1139 1160 in
1157 1124 1362 1161 corniculis

182 1198 260 1220 non
278 1184 462 1220 brevibus
479 1187 623 1233 gignit,
641 1183 766 1220 simile
784 1184 958 1226 renibus,
977 1183 1083 1232 quod
1099 1183 1274 1219 durescit
1290 1196 1362 1232 per

181 1256 341 1279 messes
396 1241 491 1278 folia
503 1242 801 1279 collectionibus
814 1245 1059 1291 inponuntur
1071 1241 1360 1291 difficulterque

181 1301 426 1350 parientibus
475 1301 744 1350 adalligantur
790 1304 848 1337 ita
893 1307 939 1337 ut
986 1314 1009 1336 a
1054 1306 1172 1350 partu
1219 1303 1358 1337 statim

183 1359 426 1396 auferantur.
483 1359 589 1408 quod
615 1362 646 1395 si
674 1365 876 1396 emortuus
902 1358 1068 1396 haereat
1095 1365 1137 1396 et
1163 1359 1361 1395 secundae

182 1431 419 1467 mensesque
433 1424 652 1461 morentur,
667 1418 855 1454 drachma
868 1418 1059 1454 bibuntur
1071 1420 1112 1453 in
1125 1431 1240 1467 passo
1253 1416 1359 1454 folia.

183 1480 235 1513 sic
257 1483 298 1513 et
319 1479 536 1526 suspiriosis
558 1476 717 1519 dantur,
739 1483 780 1513 et
800 1479 841 1512 in
862 1479 950 1512 vino
971 1482 1107 1513 vetere
1129 1476 1179 1512 ad
1198 1475 1362 1525 phalan-

182 1539 336 1585 giorum
357 1549 520 1572 morsus.
575 1535 687 1571 radix
709 1534 967 1571 discutiendis
989 1534 1360 1584 concoquendisque

183 1593 410 1638 adhibetur,
430 1607 566 1630 semen
587 1593 961 1630 commanducatum
981 1596 1216 1630 vomitiones
1235 1592 1342 1630 facit.

231 1652 339 1689 XIV.
370 1654 602 1703 Anonymos
635 1666 714 1688 non
746 1652 986 1689 inveniendo
1018 1665 1163 1688 nomen
1195 1654 1360 1688 invenit.

183 1710 364 1748 adfertur
399 1724 420 1748 e
457 1711 633 1761 Scythia,
669 1711 872 1747 celebrata
908 1711 1066 1747 Hicesio
1101 1723 1180 1747 non
1216 1723 1361 1760 parvae

356 1789 368 1808 ¹
391 1799 452 1820 ver
467 1788 498 1819 R
514 1789 537 1819 d
554 1788 649 1827 vuly„
667 1788 840 1828 Blaykoff:
870 1798 951 1819 vero
967 1787 997 1819 V
1010 1787 1185 1828 Detlefsen.

229 1902 244 1916 ‘²
267 1898 480 1929 Dioscorides
499 1897 567 1935 (III
587 1898 659 1936 114)
677 1897 737 1928 has
756 1907 800 1928 no
818 1897 901 1928 such
919 1897 1051 1938 epithet
1068 1896 1121 1928 for
1138 1896 1197 1928 the
1215 1897 1313 1938 plant
1325 1907 1362 1928 as

183 1952 203 1972 a
225 1941 344 1977 whole,
369 1941 432 1972 but
455 1951 532 1981 says
555 1940 634 1972 that
657 1940 717 1971 the
740 1944 817 1971 root
840 1941 868 1971 is
891 1939 1002 1980 λεπτή,
1027 1939 1229 1979 δισπίθαμος.
1290 1939 1361 1971 The

183 1984 362 2024 similarity
380 1983 420 2014 of
433 1983 626 2023 δισπίθαμος
647 1983 715 2014 and
736 1982 949 2023 τρισπίθαμος
969 1982 1137 2024 probably
1159 1982 1283 2014 caused
1302 1982 1362 2014 the

185 2038 335 2100 erlI'OI'I'he
350 2069 443 2100 word
458 2069 492 2100 in
509 2068 618 2100 Greek
633 2078 750 2099 means
768 2068 787 2080 “
803 2067 1081 2108 grape-cluster.'’

183 2126 254 2170 406
