1459 2288
81 695 121 725 93

83 1121 124 1151 94

285 107 477 145 PLINY:
524 107 786 144 NATURAL
819 107 1055 145 HISTORY

148 211 273 261 pellit,
320 216 362 247 et
409 209 542 246 frutex
584 212 769 246 coriarius
817 209 1053 259 appellatur,
1096 211 1325 254 subrutilus,

148 264 342 307 cubitalis,
373 263 631 300 crassitudine
663 263 830 312 digitali,
861 265 971 299 cuius
1002 263 1118 300 aridis
1149 263 1249 300 foliis
1280 270 1325 300 ut

147 318 346 354 malicorio
374 319 479 353 coria
515 316 785 366 perficiuntur.
838 316 982 353 medici
1012 322 1149 353 autem
1183 317 1323 354 rhoicis

149 376 316 407 utuntur
334 370 384 406 ad
402 375 581 413 contusa,
598 372 697 405 item
714 369 905 406 coeliacos
924 375 966 406 et
983 369 1086 406 sedis
1105 370 1238 406 ulcera
1255 376 1325 407 aut

149 437 251 473 quae
273 423 554 473 phagedaenas
576 429 730 459 vocant.
785 425 881 459 trita
901 436 991 459 curn
1010 423 1129 459 melle
1151 429 1194 460 et
1213 423 1326 460 inlita

148 491 237 513 cum
255 483 368 513 aceto
399 477 419 499 '¹‘
452 477 472 499 *
504 477 525 498 ³¹²
556 476 765 512 decoctum
783 489 919 512 eorum
935 476 1151 512 instillatur
1167 477 1326 513 auribus

149 530 381 579 purulentis.
437 529 481 565 fit
500 535 541 566 et
559 531 768 566 stomatice
787 529 960 565 decoctis
977 532 1095 566 ramis
1114 529 1165 566 ad
1183 530 1324 566 eadem

149 596 251 632 quae
297 596 345 619 ex
389 585 520 625 moris,
565 583 635 618 sed
679 582 870 618 efficacior
914 582 1093 619 admixto
1138 582 1323 619 alumine.

149 636 327 672 inlinitur
345 636 487 672 eadem
505 635 811 685 hydropicorum
830 638 988 672 tumori.

201 689 281 725 LV.
312 689 420 725 Rhus
441 692 507 738 qui
528 689 708 739 erythros
730 689 954 738 appellatur
973 701 1110 725 semen
1131 695 1193 725 est
1211 688 1327 725 huius

149 742 312 779 fruticis.
367 745 444 778 vim
487 741 612 778 habet
655 742 928 792 adstringendi
972 741 1325 792 refrigerandique.

150 796 402 845 adspergitur
426 809 496 844 pro
523 795 604 831 sale
630 796 800 831 obsoniis
828 795 914 831 alvo
940 795 1083 838 soluta,
1109 808 1327 844 omnesque

149 862 286 885 carnes
312 862 401 885 curn
428 848 567 898 silphio
593 851 791 885 suaviores
817 847 924 884 facit.
978 848 1166 884 medetur
1191 848 1328 885 ulceri-

149 903 222 938 bus
248 903 503 938 manantibus
530 915 620 938 cum
646 901 778 945 melle,
807 904 1013 951 asperitati
1039 901 1214 951 linguae,
1241 915 1328 951 per-

150 958 270 991 cussis
312 955 452 998 lividis,
493 955 787 1004 desquamatis3
844 955 985 992 eodem
1027 955 1146 992 modo
1187 957 1328 1005 capitis

151 1008 312 1045 vulnera
333 1008 383 1045 ad
403 1011 626 1045 cicatricem
648 1008 852 1044 celerrime
872 1008 1069 1058 perducit,
1090 1007 1327 1045 feminarum

151 1062 438 1098 abundantiam
457 1064 560 1098 sistit
579 1062 678 1098 cibo.

203 1115 306 1151 LVI.
336 1115 426 1151 Alia
442 1128 503 1151 res
522 1114 848 1165 erythrodanum,
867 1128 986 1163 quam
1005 1114 1126 1164 aliqui
1143 1114 1327 1151 ereutho-

151 1167 299 1204 danum
337 1174 493 1211 vocant,
532 1181 601 1204 nos
640 1169 808 1211 rubiam,
847 1181 926 1217 qua
963 1170 1176 1218 tinguntur
1213 1168 1328 1204 lanae

151 1221 354 1270 pellesque
396 1221 665 1270 perficiuntur.
720 1224 761 1257 in
800 1221 998 1258 medicina
1039 1223 1194 1257 urinam
1235 1224 1328 1265 ciet,

151 1275 333 1311 morbum
354 1277 508 1324 regium
529 1280 644 1311 sanat
665 1287 714 1311 ex
736 1287 839 1323 aqua
859 1274 1000 1318 mulsa,
1022 1281 1064 1311 et
1082 1274 1257 1311 lichenas
1279 1288 1328 1311 ex

153 1334 266 1364 aceto
293 1327 421 1371 inlita,
449 1327 693 1370 ischiadicos,
720 1327 958 1377 paralyticos
986 1330 1043 1364 ita
1071 1333 1116 1364 ut
1142 1329 1328 1364 bibentes

152 1381 334 1417 laventur
363 1381 519 1417 cotidie.
574 1381 686 1417 radix
716 1394 933 1430 semenque
964 1380 1129 1417 trahunt
1157 1394 1328 1424 menses,

152 1434 282 1471 alvum
328 1437 474 1470 sistunt
520 1440 561 1470 et
606 1434 857 1471 collectiones
903 1435 1134 1471 discutiunt.
1190 1440 1329 1471 contra

196 1590 210 1604 ¹³
233 1585 448 1616 Dioscorides
485 1585 525 1625 (I.
564 1587 635 1622 108,
668 1585 874 1625 lVellmann)
911 1585 974 1616 has
1008 1586 1162 1626 πτερύγιά
1200 1599 1236 1618 τε
1274 1584 1328 1617 καὶ

151 1628 347 1668 φαγεδαίνας
385 1627 493 1669 ἐπέχει
529 1628 821 1668 καταπλασσόμενα
857 1628 897 1659 τὰ
934 1628 1039 1669 φύλλα
1073 1628 1144 1669 μετ’
1180 1628 1273 1668 ὄξους
1307 1629 1327 1669 ἦ

151 1672 287 1711 μέλιτος.
333 1671 415 1702 This
437 1676 590 1712 suggests
613 1672 759 1712 pterygia
785 1671 906 1703 sistunt
928 1682 966 1702 or
985 1676 1107 1703 sanant
1132 1681 1170 1702 as
1192 1675 1272 1712 part
1294 1672 1333 1702 of

154 1715 212 1745 the
226 1714 295 1745 lost-
310 1714 430 1745 words.

199 1757 210 1776 ὓ
233 1757 303 1788 The
322 1757 583 1798 corresponding
605 1760 763 1788 sentence
784 1757 819 1787 in
842 1756 1055 1788 Dioscorides
1078 1756 1120 1796 (Ι.
1140 1758 1211 1793 108,
1229 1757 1327 1788 Well-

153 1806 270 1839 mann)
286 1801 313 1830 is
328 1801 539 1841 interesting.
586 1799 640 1831 καὶ
664 1800 681 1831 ὁ
701 1800 823 1840 καρπὸς
843 1799 879 1832 δὲ
901 1800 941 1831 τὰ
964 1799 1043 1831 αὐτὰ
1066 1803 1162 1836 ποιεῖ,
1178 1799 1327 1840 ἁρμόζων

153 1842 186 1874 ἐν
215 1843 440 1884 προσοψήμασι
476 1844 649 1877 κοιλιακοῖς
683 1856 737 1874 και
771 1843 1016 1882 δυσεντερικοῖς,
1048 1842 1257 1883 ἀφλέγμαντά
1291 1856 1327 1875 τε

154 1889 243 1926 τηρεῖ
258 1887 315 1918 σὺν
331 1887 434 1926 μέλιτι
452 1885 687 1920 καταπλασθεὶς
699 1886 878 1926 θλασματα,
892 1886 1116 1926 ἀποσύρματα,
1127 1885 1327 1927 πελιώματα,

152 1928 297 1981 ἵλώττης
333 1942 367 1960 τε
403 1929 605 1970 τραχύτητας
642 1928 758 1969 σμήχει
792 1929 848 1961 σὺν
880 1929 985 1968 μέλιτι
1019 1928 1073 1960 καὶ
1107 1929 1222 1961 λευκὸν
1252 1929 1327 1968 ῥοῦν

153 1984 287 2011 ιστησιν.

155 2033 200 2068 68
