<?xml version="1.0" encoding="UTF-8"?>
<!DOCTYPE html PUBLIC "-//W3C//DTD XHTML 1.0 Transitional//EN"
    "http://www.w3.org/TR/xhtml1/DTD/xhtml1-transitional.dtd">
<html xmlns="http://www.w3.org/1999/xhtml" xml:lang="en" lang="en">
 <head>
  <title>
</title>
<meta http-equiv="Content-Type" content="text/html;charset=utf-8" />
  <meta name='ocr-system' content='tesseract 3.04.00' />
  <meta name='ocr-capabilities' content='ocr_page ocr_carea ocr_par ocr_line ocrx_word'/>
</head>
<body>
  <div class='ocr_page' id='page_1' title='image "./naturalhistory07plinuoft_0230.png"; bbox 0 0 1459 2288; ppageno 0'>
   <div class='ocr_carea' id='block_1_1' title="bbox 46 334 102 364">
    <p class='ocr_par' dir='ltr' id='par_1_1' title="bbox 46 334 102 364">
     <span class='ocr_line' id='line_1_1' title="bbox 46 334 102 364; baseline 0 0"><span class='ocrx_word' id='word_1_1' title='bbox 46 334 102 364; x_wconf 85' lang='lat'>101</span> 
     </span>
    </p>
   </div>
   <div class='ocr_carea' id='block_1_2' title="bbox 45 1003 104 1033">
    <p class='ocr_par' dir='ltr' id='par_1_2' title="bbox 45 1003 104 1033">
     <span class='ocr_line' id='line_1_2' title="bbox 45 1003 104 1033; baseline 0 -1"><span class='ocrx_word' id='word_1_2' title='bbox 45 1003 104 1033; x_wconf 82' lang='lat'>102</span> 
     </span>
    </p>
   </div>
   <div class='ocr_carea' id='block_1_3' title="bbox 332 159 1106 197">
    <p class='ocr_par' dir='ltr' id='par_1_3' title="bbox 332 159 1106 197">
     <span class='ocr_line' id='line_1_3' title="bbox 332 159 1106 197; baseline 0 -1"><span class='ocrx_word' id='word_1_3' title='bbox 332 159 527 197; x_wconf 85' lang='lat' dir='ltr'>PLINY:</span> <span class='ocrx_word' id='word_1_4' title='bbox 572 159 835 197; x_wconf 86' lang='lat' dir='ltr'><strong>NATURAL</strong></span> <span class='ocrx_word' id='word_1_5' title='bbox 869 159 1106 197; x_wconf 88' lang='lat' dir='ltr'>HISTORY</span> 
     </span>
    </p>
   </div>
   <div class='ocr_carea' id='block_1_4' title="bbox 130 261 1310 1636">
    <p class='ocr_par' dir='ltr' id='par_1_4' title="bbox 130 261 1310 1636">
     <span class='ocr_line' id='line_1_4' title="bbox 133 261 1306 312; baseline -0.002 -12"><span class='ocrx_word' id='word_1_6' title='bbox 133 265 270 312; x_wconf 85' lang='lat' dir='ltr'><strong>pipere</strong></span> <span class='ocrx_word' id='word_1_7' title='bbox 289 267 331 299; x_wconf 87' lang='lat' dir='ltr'>et</span> <span class='ocrx_word' id='word_1_8' title='bbox 348 267 452 305; x_wconf 86' lang='lat' dir='ltr'>ruta,</span> <span class='ocrx_word' id='word_1_9' title='bbox 472 264 549 297; x_wconf 92' lang='lat' dir='ltr'>vini</span> <span class='ocrx_word' id='word_1_10' title='bbox 568 261 722 311; x_wconf 75' lang='lat' dir='ltr'>cyathis</span> <span class='ocrx_word' id='word_1_11' title='bbox 741 274 825 304; x_wconf 88' lang='lat' dir='ltr'>sex,</span> <span class='ocrx_word' id='word_1_12' title='bbox 844 264 925 298; x_wconf 89' lang='lat' dir='ltr'>sive</span> <span class='ocrx_word' id='word_1_13' title='bbox 944 261 1076 298; x_wconf 90' lang='lat' dir='ltr'>viridis</span> <span class='ocrx_word' id='word_1_14' title='bbox 1095 264 1175 298; x_wconf 88' lang='lat' dir='ltr'>sive</span> <span class='ocrx_word' id='word_1_15' title='bbox 1194 263 1306 298; x_wconf 87' lang='lat' dir='ltr'>sicca.</span> 
     </span>
     <span class='ocr_line' id='line_1_5' title="bbox 132 327 1306 379; baseline -0.002 -13"><span class='ocrx_word' id='word_1_16' title='bbox 132 335 173 366; x_wconf 91' lang='lat' dir='ltr'>et</span> <span class='ocrx_word' id='word_1_17' title='bbox 199 327 454 379; x_wconf 78' lang='lat' dir='ltr'>lysimachiae</span> <span class='ocrx_word' id='word_1_18' title='bbox 478 328 641 365; x_wconf 89' lang='lat' dir='ltr'>odorem</span> <span class='ocrx_word' id='word_1_19' title='bbox 665 327 836 378; x_wconf 82' lang='lat' dir='ltr'>fugiunt.</span> <span class='ocrx_word' id='word_1_20' title='bbox 892 328 1011 365; x_wconf 87' lang='lat' dir='ltr'>datur</span> <span class='ocrx_word' id='word_1_21' title='bbox 1034 341 1083 364; x_wconf 84' lang='lat' dir='ltr'>ex</span> <span class='ocrx_word' id='word_1_22' title='bbox 1107 330 1197 364; x_wconf 87' lang='lat' dir='ltr'>vino</span> <span class='ocrx_word' id='word_1_23' title='bbox 1221 340 1306 377; x_wconf 91' lang='lat' dir='ltr'>per-</span> 
     </span>
     <span class='ocr_line' id='line_1_6' title="bbox 131 394 1307 444; baseline -0.001 -12"><span class='ocrx_word' id='word_1_24' title='bbox 131 398 252 432; x_wconf 84' lang='lat' dir='ltr'>cussis</span> <span class='ocrx_word' id='word_1_25' title='bbox 273 394 510 438; x_wconf 89' lang='lat' dir='ltr'>chelidonia,</span> <span class='ocrx_word' id='word_1_26' title='bbox 531 395 724 431; x_wconf 86' lang='lat' dir='ltr'>morsibus</span> <span class='ocrx_word' id='word_1_27' title='bbox 748 397 950 444; x_wconf 78' lang='lat' dir='ltr'>inponitur</span> <span class='ocrx_word' id='word_1_28' title='bbox 971 397 1171 432; x_wconf 75' lang='lat' dir='ltr'>vettonica</span> <span class='ocrx_word' id='word_1_29' title='bbox 1196 408 1307 444; x_wconf 86' lang='lat' dir='ltr'>prae-</span> 
     </span>
     <span class='ocr_line' id='line_1_7' title="bbox 131 461 1308 512; baseline -0.001 -13"><span class='ocrx_word' id='word_1_30' title='bbox 131 465 260 512; x_wconf 86' lang='lat' dir='ltr'>cipue,</span> <span class='ocrx_word' id='word_1_31' title='bbox 277 464 340 498; x_wconf 91' lang='lat' dir='ltr'>cui</span> <span class='ocrx_word' id='word_1_32' title='bbox 357 464 413 498; x_wconf 89' lang='lat' dir='ltr'>vis</span> <span class='ocrx_word' id='word_1_33' title='bbox 430 467 546 498; x_wconf 86' lang='lat' dir='ltr'>tanta</span> <span class='ocrx_word' id='word_1_34' title='bbox 562 461 796 511; x_wconf 78' lang='lat' dir='ltr'>perhibetur</span> <span class='ocrx_word' id='word_1_35' title='bbox 812 467 857 498; x_wconf 91' lang='lat' dir='ltr'>ut</span> <span class='ocrx_word' id='word_1_36' title='bbox 873 461 1048 498; x_wconf 80' lang='lat' dir='ltr'>inclusae</span> <span class='ocrx_word' id='word_1_37' title='bbox 1065 461 1208 498; x_wconf 88' lang='lat' dir='ltr'>circulo</span> <span class='ocrx_word' id='word_1_38' title='bbox 1225 464 1308 498; x_wconf 90' lang='lat' dir='ltr'>eius</span> 
     </span>
     <span class='ocr_line' id='line_1_8' title="bbox 131 527 1309 579; baseline 0 -14"><span class='ocrx_word' id='word_1_39' title='bbox 131 535 337 578; x_wconf 82' lang='lat' dir='ltr'>serpentes</span> <span class='ocrx_word' id='word_1_40' title='bbox 352 531 461 578; x_wconf 83' lang='lat' dir='ltr'>ipsae</span> <span class='ocrx_word' id='word_1_41' title='bbox 475 541 561 565; x_wconf 90' lang='lat' dir='ltr'>sese</span> <span class='ocrx_word' id='word_1_42' title='bbox 574 530 808 565; x_wconf 79' lang='lat' dir='ltr'>interimant</span> <span class='ocrx_word' id='word_1_43' title='bbox 821 527 1073 579; x_wconf 85' lang='lat' dir='ltr'>flagellando.</span> <span class='ocrx_word' id='word_1_44' title='bbox 1128 528 1246 565; x_wconf 86' lang='lat' dir='ltr'>datur</span> <span class='ocrx_word' id='word_1_45' title='bbox 1259 528 1309 565; x_wconf 87' lang='lat' dir='ltr'>ad</span> 
     </span>
     <span class='ocr_line' id='line_1_9' title="bbox 133 594 1308 645; baseline -0.001 -13"><span class='ocrx_word' id='word_1_46' title='bbox 133 599 234 632; x_wconf 89' lang='lat' dir='ltr'>ictus</span> <span class='ocrx_word' id='word_1_47' title='bbox 257 608 394 632; x_wconf 91' lang='lat' dir='ltr'>semen</span> <span class='ocrx_word' id='word_1_48' title='bbox 417 597 500 632; x_wconf 90' lang='lat' dir='ltr'>eius</span> <span class='ocrx_word' id='word_1_49' title='bbox 523 595 674 631; x_wconf 86' lang='lat' dir='ltr'>denarii</span> <span class='ocrx_word' id='word_1_50' title='bbox 697 595 873 644; x_wconf 91' lang='lat' dir='ltr'>pondere</span> <span class='ocrx_word' id='word_1_51' title='bbox 895 608 985 631; x_wconf 94' lang='lat' dir='ltr'>cum</span> <span class='ocrx_word' id='word_1_52' title='bbox 1007 595 1133 632; x_wconf 87' lang='lat' dir='ltr'>tribus</span> <span class='ocrx_word' id='word_1_53' title='bbox 1155 594 1308 645; x_wconf 85' lang='lat' dir='ltr'>cyathis</span> 
     </span>
     <span class='ocr_line' id='line_1_10' title="bbox 131 661 1309 711; baseline 0 -13"><span class='ocrx_word' id='word_1_54' title='bbox 131 665 210 699; x_wconf 78' lang='lat' dir='ltr'>vini</span> <span class='ocrx_word' id='word_1_55' title='bbox 244 662 307 699; x_wconf 87' lang='lat' dir='ltr'>vel</span> <span class='ocrx_word' id='word_1_56' title='bbox 341 661 468 698; x_wconf 88' lang='lat' dir='ltr'>farina</span> <span class='ocrx_word' id='word_1_57' title='bbox 501 661 697 699; x_wconf 84' lang='lat' dir='ltr'>drachmis</span> <span class='ocrx_word' id='word_1_58' title='bbox 732 662 857 699; x_wconf 90' lang='lat' dir='ltr'>tribus</span> <span class='ocrx_word' id='word_1_59' title='bbox 892 664 1065 698; x_wconf 84' lang='lat' dir='ltr'>sextario</span> <span class='ocrx_word' id='word_1_60' title='bbox 1083 662 1096 685; x_wconf 81' lang='lat'>1</span> <span class='ocrx_word' id='word_1_61' title='bbox 1131 675 1309 711; x_wconf 84' lang='lat' dir='ltr'>aquae-</span> 
     </span>
     <span class='ocr_line' id='line_1_11' title="bbox 131 729 1309 779; baseline 0 -13"><span class='ocrx_word' id='word_1_62' title='bbox 131 729 259 766; x_wconf 86' lang='lat' dir='ltr'>farina</span> <span class='ocrx_word' id='word_1_63' title='bbox 279 735 321 766; x_wconf 91' lang='lat' dir='ltr'>et</span> <span class='ocrx_word' id='word_1_64' title='bbox 343 731 547 779; x_wconf 88' lang='lat' dir='ltr'>inponitur</span> <span class='ocrx_word' id='word_1_65' title='bbox 563 729 871 772; x_wconf 81' lang='lat' dir='ltr'>2—cantabrica,</span> <span class='ocrx_word' id='word_1_66' title='bbox 892 729 1152 773; x_wconf 79' lang='lat' dir='ltr'>dictamnum,</span> <span class='ocrx_word' id='word_1_67' title='bbox 1173 731 1309 766; x_wconf 81' lang='lat' dir='ltr'>aristo-</span> 
     </span>
     <span class='ocr_line' id='line_1_12' title="bbox 130 795 1309 845; baseline 0 -13"><span class='ocrx_word' id='word_1_68' title='bbox 130 796 259 833; x_wconf 87' lang='lat' dir='ltr'>lochia</span> <span class='ocrx_word' id='word_1_69' title='bbox 287 796 428 832; x_wconf 83' lang='lat' dir='ltr'>radicis</span> <span class='ocrx_word' id='word_1_70' title='bbox 458 795 647 832; x_wconf 83' lang='lat' dir='ltr'>drachma</span> <span class='ocrx_word' id='word_1_71' title='bbox 675 798 715 832; x_wconf 91' lang='lat' dir='ltr'>in</span> <span class='ocrx_word' id='word_1_72' title='bbox 744 798 821 832; x_wconf 86' lang='lat' dir='ltr'>vini</span> <span class='ocrx_word' id='word_1_73' title='bbox 851 795 1024 839; x_wconf 88' lang='lat' dir='ltr'>hemina,</span> <span class='ocrx_word' id='word_1_74' title='bbox 1054 795 1124 832; x_wconf 91' lang='lat' dir='ltr'>sed</span> <span class='ocrx_word' id='word_1_75' title='bbox 1153 798 1309 845; x_wconf 89' lang='lat' dir='ltr'>saepius</span> 
     </span>
     <span class='ocr_line' id='line_1_13' title="bbox 132 862 1310 912; baseline 0.001 -13"><span class='ocrx_word' id='word_1_76' title='bbox 132 863 318 900; x_wconf 91' lang='lat' dir='ltr'>bibenda.</span> <span class='ocrx_word' id='word_1_77' title='bbox 374 863 536 912; x_wconf 89' lang='lat' dir='ltr'>prodest</span> <span class='ocrx_word' id='word_1_78' title='bbox 589 869 630 899; x_wconf 84' lang='lat' dir='ltr'>et</span> <span class='ocrx_word' id='word_1_79' title='bbox 682 862 796 899; x_wconf 84' lang='lat' dir='ltr'>inlita</span> <span class='ocrx_word' id='word_1_80' title='bbox 848 875 896 899; x_wconf 84' lang='lat' dir='ltr'>ex</span> <span class='ocrx_word' id='word_1_81' title='bbox 950 868 1077 906; x_wconf 83' lang='lat' dir='ltr'>aceto,</span> <span class='ocrx_word' id='word_1_82' title='bbox 1129 862 1310 900; x_wconf 86' lang='lat' dir='ltr'>similiter</span> 
     </span>
     <span class='ocr_line' id='line_1_14' title="bbox 132 928 1309 980; baseline 0.001 -14"><span class='ocrx_word' id='word_1_83' title='bbox 132 929 395 980; x_wconf 79' lang='lat' dir='ltr'>plistolochia,</span> <span class='ocrx_word' id='word_1_84' title='bbox 414 932 508 979; x_wconf 90' lang='lat' dir='ltr'>quin</span> <span class='ocrx_word' id='word_1_85' title='bbox 527 932 686 966; x_wconf 90' lang='lat' dir='ltr'>omnino</span> <span class='ocrx_word' id='word_1_86' title='bbox 704 943 894 979; x_wconf 87' lang='lat' dir='ltr'>suspensa</span> <span class='ocrx_word' id='word_1_87' title='bbox 911 942 1030 979; x_wconf 88' lang='lat' dir='ltr'>supra</span> <span class='ocrx_word' id='word_1_88' title='bbox 1047 928 1177 966; x_wconf 89' lang='lat' dir='ltr'>focum</span> <span class='ocrx_word' id='word_1_89' title='bbox 1195 929 1309 980; x_wconf 85' lang='lat' dir='ltr'>fugat</span> 
     </span>
     <span class='ocr_line' id='line_1_15' title="bbox 130 995 1308 1046; baseline 0 -12"><span class='ocrx_word' id='word_1_90' title='bbox 130 1010 151 1034; x_wconf 94' lang='lat' dir='ltr'>e</span> <span class='ocrx_word' id='word_1_91' title='bbox 168 997 350 1034; x_wconf 92' lang='lat' dir='ltr'>domibus</span> <span class='ocrx_word' id='word_1_92' title='bbox 367 1002 586 1046; x_wconf 90' lang='lat' dir='ltr'>serpentes.</span> <span class='ocrx_word' id='word_1_93' title='bbox 643 995 745 1032; x_wconf 90' lang='lat' dir='ltr'>LVI.</span> <span class='ocrx_word' id='word_1_94' title='bbox 764 999 993 1046; x_wconf 86' lang='lat' dir='ltr'>argemonia</span> <span class='ocrx_word' id='word_1_95' title='bbox 1007 1009 1164 1046; x_wconf 87' lang='lat' dir='ltr'>quoque</span> <span class='ocrx_word' id='word_1_96' title='bbox 1177 997 1308 1034; x_wconf 88' lang='lat' dir='ltr'>radice</span> 
     </span>
     <span class='ocr_line' id='line_1_16' title="bbox 132 1063 1307 1114; baseline -0.001 -13"><span class='ocrx_word' id='word_1_97' title='bbox 132 1065 248 1101; x_wconf 87' lang='lat' dir='ltr'>eius3</span> <span class='ocrx_word' id='word_1_98' title='bbox 279 1064 430 1100; x_wconf 88' lang='lat' dir='ltr'>denarii</span> <span class='ocrx_word' id='word_1_99' title='bbox 462 1063 638 1113; x_wconf 89' lang='lat' dir='ltr'>pondere</span> <span class='ocrx_word' id='word_1_100' title='bbox 671 1066 710 1099; x_wconf 90' lang='lat' dir='ltr'>in</span> <span class='ocrx_word' id='word_1_101' title='bbox 744 1065 821 1099; x_wconf 88' lang='lat' dir='ltr'>vini</span> <span class='ocrx_word' id='word_1_102' title='bbox 855 1063 1009 1114; x_wconf 75' lang='lat' dir='ltr'>cyathis</span> <span class='ocrx_word' id='word_1_103' title='bbox 1041 1064 1167 1100; x_wconf 90' lang='lat' dir='ltr'>tribus</span> <span class='ocrx_word' id='word_1_104' title='bbox 1200 1070 1307 1113; x_wconf 89' lang='lat' dir='ltr'>pota.</span> 
     </span>
     <span class='ocr_line' id='line_1_17' title="bbox 130 1130 1308 1181; baseline 0 -14"><span class='ocrx_word' id='word_1_105' title='bbox 130 1131 245 1181; x_wconf 86' lang='lat' dir='ltr'>plura</span> <span class='ocrx_word' id='word_1_106' title='bbox 259 1130 309 1167; x_wconf 87' lang='lat' dir='ltr'>de</span> <span class='ocrx_word' id='word_1_107' title='bbox 326 1143 373 1167; x_wconf 87' lang='lat' dir='ltr'>ea</span> <span class='ocrx_word' id='word_1_108' title='bbox 388 1133 572 1167; x_wconf 87' lang='lat' dir='ltr'>convenit</span> <span class='ocrx_word' id='word_1_109' title='bbox 588 1130 664 1167; x_wconf 90' lang='lat' dir='ltr'>dici</span> <span class='ocrx_word' id='word_1_110' title='bbox 680 1133 917 1180; x_wconf 85' lang='lat' dir='ltr'>ceterisque,</span> <span class='ocrx_word' id='word_1_111' title='bbox 933 1130 1092 1180; x_wconf 88' lang='lat' dir='ltr'>quando</span> <span class='ocrx_word' id='word_1_112' title='bbox 1109 1130 1125 1153; x_wconf 80' lang='lat'>4</span> <span class='ocrx_word' id='word_1_113' title='bbox 1138 1133 1308 1180; x_wconf 90' lang='lat' dir='ltr'>primum</span> 
     </span>
     <span class='ocr_line' id='line_1_18' title="bbox 132 1197 1309 1248; baseline -0.001 -13"><span class='ocrx_word' id='word_1_114' title='bbox 132 1198 459 1241; x_wconf 88' lang='lat' dir='ltr'>nominabuntur,</span> <span class='ocrx_word' id='word_1_115' title='bbox 479 1200 519 1234; x_wconf 86' lang='lat' dir='ltr'>in</span> <span class='ocrx_word' id='word_1_116' title='bbox 540 1210 586 1234; x_wconf 90' lang='lat' dir='ltr'>eo</span> <span class='ocrx_word' id='word_1_117' title='bbox 607 1203 743 1234; x_wconf 87' lang='lat' dir='ltr'>autem</span> <span class='ocrx_word' id='word_1_118' title='bbox 763 1210 911 1248; x_wconf 85' lang='lat' dir='ltr'>genere</span> <span class='ocrx_word' id='word_1_119' title='bbox 931 1197 1118 1234; x_wconf 90' lang='lat' dir='ltr'>medendi</span> <span class='ocrx_word' id='word_1_120' title='bbox 1138 1200 1309 1247; x_wconf 90' lang='lat' dir='ltr'>primum</span> 
     </span>
     <span class='ocr_line' id='line_1_19' title="bbox 131 1264 1310 1314; baseline 0.001 -13"><span class='ocrx_word' id='word_1_121' title='bbox 131 1267 324 1302; x_wconf 88' lang='lat' dir='ltr'>nominari</span> <span class='ocrx_word' id='word_1_122' title='bbox 362 1277 562 1314; x_wconf 89' lang='lat' dir='ltr'>quamque</span> <span class='ocrx_word' id='word_1_123' title='bbox 599 1267 638 1300; x_wconf 93' lang='lat' dir='ltr'>in</span> <span class='ocrx_word' id='word_1_124' title='bbox 676 1278 754 1314; x_wconf 91' lang='lat' dir='ltr'>quo</span> <span class='ocrx_word' id='word_1_125' title='bbox 790 1266 963 1301; x_wconf 82' lang='lat' dir='ltr'>maxime</span> <span class='ocrx_word' id='word_1_126' title='bbox 1001 1264 1161 1301; x_wconf 87' lang='lat' dir='ltr'>valebit.</span> <span class='ocrx_word' id='word_1_127' title='bbox 1216 1264 1310 1302; x_wconf 86' lang='lat' dir='ltr'>folia</span> 
     </span>
     <span class='ocr_line' id='line_1_20' title="bbox 130 1331 1308 1381; baseline 0 -13"><span class='ocrx_word' id='word_1_128' title='bbox 130 1332 253 1368; x_wconf 88' lang='lat' dir='ltr'>habet</span> <span class='ocrx_word' id='word_1_129' title='bbox 285 1331 418 1381; x_wconf 88' lang='lat' dir='ltr'>qualia</span> <span class='ocrx_word' id='word_1_130' title='bbox 449 1344 658 1375; x_wconf 85' lang='lat' dir='ltr'>anemone,</span> <span class='ocrx_word' id='word_1_131' title='bbox 690 1331 815 1368; x_wconf 81' lang='lat' dir='ltr'>divisa</span> <span class='ocrx_word' id='word_1_132' title='bbox 846 1333 925 1380; x_wconf 84' lang='lat' dir='ltr'>apii</span> <span class='ocrx_word' id='word_1_133' title='bbox 956 1331 1087 1375; x_wconf 86' lang='lat' dir='ltr'>modo,</span> <span class='ocrx_word' id='word_1_134' title='bbox 1118 1337 1239 1381; x_wconf 84' lang='lat' dir='ltr'>caput</span> <span class='ocrx_word' id='word_1_135' title='bbox 1268 1334 1308 1368; x_wconf 94' lang='lat' dir='ltr'>in</span> 
     </span>
     <span class='ocr_line' id='line_1_21' title="bbox 131 1398 1308 1448; baseline 0 -13"><span class='ocrx_word' id='word_1_136' title='bbox 131 1398 324 1436; x_wconf 90' lang='lat' dir='ltr'>cauliculo</span> <span class='ocrx_word' id='word_1_137' title='bbox 347 1401 554 1448; x_wconf 88' lang='lat' dir='ltr'>papaveris</span> <span class='ocrx_word' id='word_1_138' title='bbox 578 1398 781 1441; x_wconf 83' lang='lat' dir='ltr'>silvestris,</span> <span class='ocrx_word' id='word_1_139' title='bbox 806 1401 903 1435; x_wconf 90' lang='lat' dir='ltr'>item</span> <span class='ocrx_word' id='word_1_140' title='bbox 921 1398 937 1421; x_wconf 81' lang='lat'>5</span> <span class='ocrx_word' id='word_1_141' title='bbox 959 1398 1147 1442; x_wconf 86' lang='lat' dir='ltr'>radicem,</span> <span class='ocrx_word' id='word_1_142' title='bbox 1171 1412 1308 1435; x_wconf 88' lang='lat' dir='ltr'>sucum</span> 
     </span>
     <span class='ocr_line' id='line_1_22' title="bbox 134 1465 1308 1515; baseline 0.001 -13"><span class='ocrx_word' id='word_1_143' title='bbox 134 1468 236 1502; x_wconf 90' lang='lat' dir='ltr'>croci</span> <span class='ocrx_word' id='word_1_144' title='bbox 250 1465 381 1503; x_wconf 90' lang='lat' dir='ltr'>colore</span> <span class='ocrx_word' id='word_1_145' title='bbox 397 1478 527 1502; x_wconf 86' lang='lat' dir='ltr'>acrem</span> <span class='ocrx_word' id='word_1_146' title='bbox 542 1471 583 1502; x_wconf 92' lang='lat' dir='ltr'>et</span> <span class='ocrx_word' id='word_1_147' title='bbox 597 1471 771 1502; x_wconf 87' lang='lat' dir='ltr'>acutum.</span> <span class='ocrx_word' id='word_1_148' title='bbox 807 1467 982 1502; x_wconf 83' lang='lat' dir='ltr'>nascitur</span> <span class='ocrx_word' id='word_1_149' title='bbox 994 1468 1034 1501; x_wconf 91' lang='lat' dir='ltr'>in</span> <span class='ocrx_word' id='word_1_150' title='bbox 1048 1467 1159 1502; x_wconf 87' lang='lat' dir='ltr'>arvis.</span> <span class='ocrx_word' id='word_1_151' title='bbox 1202 1466 1308 1515; x_wconf 88' lang='lat' dir='ltr'>apud</span> 
     </span>
     <span class='ocr_line' id='line_1_23' title="bbox 132 1532 1308 1582; baseline -0.001 -13"><span class='ocrx_word' id='word_1_152' title='bbox 132 1547 201 1570; x_wconf 89' lang='lat' dir='ltr'>nos</span> <span class='ocrx_word' id='word_1_153' title='bbox 229 1535 305 1569; x_wconf 80' lang='lat' dir='ltr'>tria</span> <span class='ocrx_word' id='word_1_154' title='bbox 331 1545 480 1582; x_wconf 83' lang='lat' dir='ltr'>genera</span> <span class='ocrx_word' id='word_1_155' title='bbox 510 1535 593 1569; x_wconf 91' lang='lat' dir='ltr'>eius</span> <span class='ocrx_word' id='word_1_156' title='bbox 623 1532 776 1569; x_wconf 83' lang='lat' dir='ltr'>faciunt</span> <span class='ocrx_word' id='word_1_157' title='bbox 807 1538 849 1568; x_wconf 88' lang='lat' dir='ltr'>et</span> <span class='ocrx_word' id='word_1_158' title='bbox 878 1532 917 1568; x_wconf 89' lang='lat' dir='ltr'>id</span> <span class='ocrx_word' id='word_1_159' title='bbox 946 1532 1109 1569; x_wconf 87' lang='lat' dir='ltr'>demum</span> <span class='ocrx_word' id='word_1_160' title='bbox 1137 1533 1308 1582; x_wconf 84' lang='lat' dir='ltr'>probant</span> 
     </span>
     <span class='ocr_line' id='line_1_24' title="bbox 130 1598 672 1636; baseline -0.002 0"><span class='ocrx_word' id='word_1_161' title='bbox 130 1602 240 1636; x_wconf 91' lang='lat' dir='ltr'>cuius</span> <span class='ocrx_word' id='word_1_162' title='bbox 260 1600 373 1636; x_wconf 89' lang='lat' dir='ltr'>radix</span> <span class='ocrx_word' id='word_1_163' title='bbox 393 1605 458 1636; x_wconf 90' lang='lat' dir='ltr'>tus</span> <span class='ocrx_word' id='word_1_164' title='bbox 479 1598 672 1636; x_wconf 89' lang='lat' dir='ltr'>redoleat.</span> 
     </span>
    </p>
   </div>
   <div class='ocr_carea' id='block_1_5' title="bbox 132 1678 1306 2064">
    <p class='ocr_par' dir='ltr' id='par_1_5' title="bbox 179 1678 1035 1719">
     <span class='ocr_line' id='line_1_25' title="bbox 179 1678 1035 1719; baseline 0 -9"><span class='ocrx_word' id='word_1_165' title='bbox 179 1681 188 1699; x_wconf 90' lang='lat'>¹</span> <span class='ocrx_word' id='word_1_166' title='bbox 214 1680 376 1718; x_wconf 81' lang='lat' dir='ltr'>sextario]</span> <span class='ocrx_word' id='word_1_167' title='bbox 395 1689 436 1710; x_wconf 86' lang='lat' dir='ltr'>ex</span> <span class='ocrx_word' id='word_1_168' title='bbox 457 1679 502 1709; x_wconf 79' lang='lat' dir='ltr'>vel</span> <span class='ocrx_word' id='word_1_169' title='bbox 519 1680 552 1710; x_wconf 93' lang='lat' dir='ltr'>in</span> <span class='ocrx_word' id='word_1_170' title='bbox 569 1683 763 1719; x_wconf 75' lang='lat' dir='ltr'>anteponere</span> <span class='ocrx_word' id='word_1_171' title='bbox 783 1678 854 1709; x_wconf 72' lang='lat' dir='ltr'>velit</span> <span class='ocrx_word' id='word_1_172' title='bbox 872 1678 1035 1719; x_wconf 71' lang='lat' dir='ltr'>BIaylzoff.</span> 
     </span>
    </p>

    <p class='ocr_par' dir='ltr' id='par_1_6' title="bbox 134 1722 1306 1849">
     <span class='ocr_line' id='line_1_26' title="bbox 179 1722 1306 1763; baseline -0.001 -9"><span class='ocrx_word' id='word_1_173' title='bbox 179 1723 191 1741; x_wconf 89' lang='lat'><strong>²</strong></span> <span class='ocrx_word' id='word_1_174' title='bbox 215 1723 391 1763; x_wconf 76' lang='lat' dir='ltr'>inponitur</span> <span class='ocrx_word' id='word_1_175' title='bbox 413 1722 577 1762; x_wconf 74' lang='lat' dir='ltr'>Dellefscn</span> <span class='ocrx_word' id='word_1_176' title='bbox 598 1726 627 1752; x_wconf 73' lang='lat' dir='ltr'>et</span> <span class='ocrx_word' id='word_1_177' title='bbox 653 1722 828 1762; x_wconf 77' lang='lat' dir='ltr'>lllaykoff:</span> <span class='ocrx_word' id='word_1_178' title='bbox 865 1723 1040 1762; x_wconf 76' lang='lat' dir='ltr'>reponitur</span> <span class='ocrx_word' id='word_1_179' title='bbox 1066 1722 1184 1759; x_wconf 76' lang='lat' dir='ltr'>Ianus,</span> <span class='ocrx_word' id='word_1_180' title='bbox 1207 1723 1221 1761; x_wconf 65' lang='grc' dir='ltr'><em>ξ</em></span> <span class='ocrx_word' id='word_1_181' title='bbox 1246 1723 1306 1753; x_wconf 88' lang='grc'>115</span> 
     </span>
     <span class='ocr_line' id='line_1_27' title="bbox 134 1764 1306 1806; baseline -0.001 -9"><span class='ocrx_word' id='word_1_182' title='bbox 134 1766 204 1797; x_wconf 83' lang='lat' dir='ltr'>coll.</span> <span class='ocrx_word' id='word_1_183' title='bbox 219 1779 225 1797; x_wconf 74' lang='grc' dir='ltr'>ε</span> <span class='ocrx_word' id='word_1_184' title='bbox 253 1766 392 1806; x_wconf 80' lang='lat' dir='ltr'>ponitur</span> <span class='ocrx_word' id='word_1_185' title='bbox 404 1765 493 1797; x_wconf 90' lang='lat' dir='ltr'>codd.</span> <span class='ocrx_word' id='word_1_186' title='bbox 532 1765 581 1796; x_wconf 80' lang='lat' dir='ltr'>De</span> <span class='ocrx_word' id='word_1_187' title='bbox 594 1765 653 1796; x_wconf 76' lang='lat' dir='ltr'>hac</span> <span class='ocrx_word' id='word_1_188' title='bbox 665 1765 824 1796; x_wconf 77' lang='lat' dir='ltr'>sententia</span> <span class='ocrx_word' id='word_1_189' title='bbox 840 1764 859 1776; x_wconf 69' lang='lat'>‘⁸</span> <span class='ocrx_word' id='word_1_190' title='bbox 874 1764 964 1796; x_wconf 75' lang='lat' dir='ltr'>locus</span> <span class='ocrx_word' id='word_1_191' title='bbox 976 1765 1124 1796; x_wconf 76' lang='lat' dir='ltr'>nondum</span> <span class='ocrx_word' id='word_1_192' title='bbox 1135 1769 1272 1796; x_wconf 79' lang='lat' dir='ltr'>sanatus</span> <span class='ocrx_word' id='word_1_193' title='bbox 1287 1765 1306 1777; x_wconf 92' lang='lat'>”</span> 
     </span>
     <span class='ocr_line' id='line_1_28' title="bbox 134 1808 426 1849; baseline -0.003 -9"><span class='ocrx_word' id='word_1_194' title='bbox 134 1809 244 1840; x_wconf 73' lang='lat' dir='ltr'>scribit</span> <span class='ocrx_word' id='word_1_195' title='bbox 264 1808 426 1849; x_wconf 79' lang='lat' dir='ltr'>Mayhoff.</span> 
     </span>
    </p>

    <p class='ocr_par' dir='ltr' id='par_1_7' title="bbox 179 1851 833 1892">
     <span class='ocr_line' id='line_1_29' title="bbox 179 1851 833 1892; baseline -0.002 -9"><span class='ocrx_word' id='word_1_196' title='bbox 179 1853 191 1870; x_wconf 74' lang='lat'>3</span> <span class='ocrx_word' id='word_1_197' title='bbox 216 1852 328 1883; x_wconf 76' lang='lat' dir='ltr'>radice</span> <span class='ocrx_word' id='word_1_198' title='bbox 342 1852 414 1882; x_wconf 86' lang='lat' dir='ltr'>eius</span> <span class='ocrx_word' id='word_1_199' title='bbox 427 1851 517 1883; x_wconf 84' lang='lat' dir='ltr'>codd.</span> <span class='ocrx_word' id='word_1_200' title='bbox 533 1852 654 1882; x_wconf 77' lang='lat' dir='ltr'>radicis</span> <span class='ocrx_word' id='word_1_201' title='bbox 670 1851 833 1892; x_wconf 76' lang='lat' dir='ltr'>Mayhoff.</span> 
     </span>
    </p>

    <p class='ocr_par' dir='ltr' id='par_1_8' title="bbox 132 1894 1306 1969">
     <span class='ocr_line' id='line_1_30' title="bbox 178 1894 1306 1935; baseline 0 -9"><span class='ocrx_word' id='word_1_202' title='bbox 178 1897 190 1914; x_wconf 76' lang='lat'>⁴</span> <span class='ocrx_word' id='word_1_203' title='bbox 216 1895 354 1935; x_wconf 84' lang='lat' dir='ltr'>quando</span> <span class='ocrx_word' id='word_1_204' title='bbox 364 1894 547 1935; x_wconf 76' lang='lat' dir='ltr'>Detlefsen:</span> <span class='ocrx_word' id='word_1_205' title='bbox 574 1905 641 1935; x_wconf 88' lang='lat' dir='ltr'>qua</span> <span class='ocrx_word' id='word_1_206' title='bbox 652 1894 691 1925; x_wconf 87' lang='lat' dir='ltr'><em>M</em></span> <span class='ocrx_word' id='word_1_207' title='bbox 695 1894 809 1935; x_wconf 77' lang='lat' dir='ltr'>ayhoff</span> <span class='ocrx_word' id='word_1_208' title='bbox 818 1907 824 1925; x_wconf 90' lang='lat'>:</span> <span class='ocrx_word' id='word_1_209' title='bbox 854 1904 921 1934; x_wconf 91' lang='lat' dir='ltr'>quo</span> <span class='ocrx_word' id='word_1_210' title='bbox 933 1898 990 1925; x_wconf 80' lang='lat' dir='ltr'>aut</span> <span class='ocrx_word' id='word_1_211' title='bbox 1005 1904 1062 1934; x_wconf 92' lang='lat' dir='ltr'>qm</span> <span class='ocrx_word' id='word_1_212' title='bbox 1076 1898 1132 1925; x_wconf 80' lang='lat' dir='ltr'>aut</span> <span class='ocrx_word' id='word_1_213' title='bbox 1146 1895 1306 1935; x_wconf 85' lang='lat' dir='ltr'>quoniam</span> 
     </span>
     <span class='ocr_line' id='line_1_31' title="bbox 132 1938 222 1969; baseline 0 0"><span class='ocrx_word' id='word_1_214' title='bbox 132 1938 222 1969; x_wconf 83' lang='lat' dir='ltr'>codd.</span> 
     </span>
    </p>

    <p class='ocr_par' dir='ltr' id='par_1_9' title="bbox 133 1979 1304 2064">
     <span class='ocr_line' id='line_1_32' title="bbox 180 1979 1304 2022; baseline -0.001 -10"><span class='ocrx_word' id='word_1_215' title='bbox 180 1982 192 2000; x_wconf 88' lang='lat'>⁵</span> <span class='ocrx_word' id='word_1_216' title='bbox 217 1982 300 2012; x_wconf 76' lang='lat' dir='ltr'>item</span> <span class='ocrx_word' id='word_1_217' title='bbox 323 1980 498 2021; x_wconf 77' lang='lat' dir='ltr'>Detlefsen,</span> <span class='ocrx_word' id='word_1_218' title='bbox 524 1980 687 2022; x_wconf 82' lang='lat' dir='ltr'>Mayhofs,</span> <span class='ocrx_word' id='word_1_219' title='bbox 711 1980 800 2012; x_wconf 87' lang='lat' dir='ltr'>codd.</span> <span class='ocrx_word' id='word_1_220' title='bbox 848 1980 1005 2021; x_wconf 76' lang='lat' dir='ltr'>Mayhoff</span> <span class='ocrx_word' id='word_1_221' title='bbox 1024 1979 1108 2012; x_wconf 78' lang='lat' dir='ltr'>coni.</span> <span class='ocrx_word' id='word_1_222' title='bbox 1134 1982 1186 2019; x_wconf 79' lang='lat' dir='ltr'>(ex</span> <span class='ocrx_word' id='word_1_223' title='bbox 1210 1980 1304 2012; x_wconf 78' lang='lat' dir='ltr'>Dios-</span> 
     </span>
     <span class='ocr_line' id='line_1_33' title="bbox 133 2024 426 2064; baseline 0 -9"><span class='ocrx_word' id='word_1_224' title='bbox 133 2024 253 2064; x_wconf 84' lang='lat' dir='ltr'>coride)</span> <span class='ocrx_word' id='word_1_225' title='bbox 271 2028 426 2056; x_wconf 78' lang='lat' dir='ltr'>teretem.</span> 
     </span>
    </p>
   </div>
   <div class='ocr_carea' id='block_1_6' title="bbox 131 2097 202 2122">
    <p class='ocr_par' dir='ltr' id='par_1_10' title="bbox 131 2097 202 2122">
     <span class='ocr_line' id='line_1_34' title="bbox 131 2097 202 2122; baseline 0.028 -2"><span class='ocrx_word' id='word_1_226' title='bbox 131 2097 202 2122; x_wconf 91' lang='lat'>210</span> 
     </span>
    </p>
   </div>
  </div>
 </body>
</html>
