1459 2288
171 316 212 345 '78

172 687 212 718 79

172 1061 213 1091 80

172 1275 208 1305 81

442 202 636 240 PLINY:
681 204 942 242 NATURAL
974 205 1209 243 HISTORY

286 308 432 345 XLIX.
462 307 626 343 Vesicae
659 306 771 343 malis
805 313 1021 357 contraque
1054 308 1236 353 calculos,
1264 312 1409 360 gravis-

238 365 344 399 simis
370 360 620 403 cruciatibus,
647 365 692 396 ut
718 360 902 405 diximus,
928 361 1074 398 auxilio
1101 368 1162 399 est
1186 363 1410 412 polemonia

239 429 288 452 ex
304 418 394 451 vino
409 420 519 464 pota,
535 416 632 449 item
649 416 862 463 agaricum,
877 414 1068 464 plantago
1084 414 1185 452 foliis
1201 416 1263 452 vel
1277 417 1409 453 radice

238 471 341 519 potis
361 481 410 505 ex
430 480 558 517 passo,
578 470 778 503 vettonica
796 473 842 504 ut
859 470 899 504 in
918 470 1089 505 iocinere
1107 469 1291 513 diximus,
1310 472 1409 506 item

237 524 369 559 ramiti
412 526 508 570 pota
550 526 672 569 atque
714 520 840 564 inlita,
885 521 1026 558 eadem
1072 522 1123 558 ad
1168 525 1409 573 strangurias

238 576 515 612 efficacissima.
574 573 734 622 quidam
782 574 832 610 ad
874 575 1040 611 calculos
1083 578 1325 612 vettonicam
1368 582 1410 613 et

238 630 499 665 verbenacam
517 632 558 663 et
570 627 817 663 millefolium
834 631 969 677 aequis
983 629 1228 677 portionibus
1242 642 1291 666 ex
1305 642 1408 679 aqua

238 695 309 732 pro
339 681 528 731 singulari
558 680 735 717 remedio
765 681 902 717 bibere
933 681 1114 718 suadent.
1169 686 1410 732 strangurias

238 736 381 772 discuti
413 740 455 771 et
486 734 686 770 dictamno
718 740 871 771 certum
904 741 978 778 est,
1009 737 1107 771 item
1140 735 1410 785 quinquefolio

237 789 402 826 decocto
426 788 475 824 ad
497 789 636 824 tertias
657 790 697 823 in
720 790 820 824 vino.
875 787 948 824 hoc
970 794 1012 825 et
1034 789 1304 826 enterocelicis
1325 789 1410 826 dari

239 848 361 892 atque
397 841 508 877 inlini
543 840 794 877 utilissimum
832 847 903 877 est.
959 841 1066 891 xiphi
1104 855 1261 892 quoque
1297 843 1409 880 radix

238 898 414 945 superior
430 897 583 931 urinam
598 896 688 930 ciet.
741 893 959 931 infantibus
980 895 1249 932 enterocelicis
1262 896 1276 919 ¹
1292 896 1410 933 datur

239 962 287 985 ex
312 962 415 998 aqua
438 954 480 984 et
501 947 701 990 inlinitur3
738 950 890 984 vesicae
913 951 1016 984 vitiis
1039 949 1260 998 peucedani
1282 963 1410 994 sucus,

236 1001 449 1039 infantium
481 1003 613 1038 ramiti
646 1006 688 1037 et
719 1001 911 1037 umbilicis
944 1003 1210 1039 eminentibus
1242 1002 1410 1053 psyllion

235 1056 425 1092 inlinitur.
484 1057 635 1090 urinam
679 1057 786 1090 cient
827 1055 1084 1104 anagallides,
1126 1058 1229 1092 acori
1271 1057 1410 1093 radicis

238 1109 447 1146 decoctum
478 1108 540 1144 vel
569 1110 654 1157 ipsa
683 1110 778 1144 trita
806 1114 996 1157 potaque,
1027 1114 1068 1145 et
1097 1112 1228 1146 omnia
1257 1112 1410 1146 vesicae

238 1162 365 1206 vitia,2
381 1161 548 1198 calculos
569 1166 611 1198 et
630 1160 753 1197 herba
774 1167 815 1198 et
835 1161 946 1198 radix
967 1162 1211 1212 cotyledonis
1231 1165 1409 1213 itemque

238 1215 473 1266 genitalium
497 1214 851 1251 inflammationem
876 1228 1034 1251 omnem
1058 1219 1143 1265 pari
1168 1217 1343 1266 pondere
1369 1223 1410 1254 et

236 1269 356 1306 caulis
389 1275 431 1305 et
462 1270 621 1304 seminis
654 1273 695 1304 et
726 1281 894 1304 murrae.
949 1268 1111 1306 ebulum
1141 1272 1289 1306 teneris
1320 1283 1410 1307 cum

238 1321 338 1359 foliis
360 1325 499 1358 tritum
522 1335 570 1358 ex
592 1324 681 1357 vino
701 1327 841 1370 potum
863 1321 1029 1358 calculos
1050 1322 1177 1372 pellit,
1195 1326 1409 1372 inpositum

239 1382 364 1413 testes
377 1381 502 1412 sanat.
553 1377 732 1424 erigeron
746 1388 902 1424 quoque
917 1388 1005 1412 cum
1018 1374 1143 1412 farina
1155 1379 1252 1413 turis
1267 1383 1308 1413 et
1320 1379 1410 1414 vino

237 1429 341 1465 dulci
362 1431 525 1465 testium
545 1427 875 1465 inflammationes
896 1435 1021 1465 sanat.
1076 1429 1279 1480 symphyti
1298 1430 1409 1467 radix

237 1483 350 1519 inlita
381 1481 624 1518 enterocelas
654 1481 827 1525 cohibet,
856 1482 1090 1531 genitalium
1119 1497 1256 1520 nomas
1285 1483 1409 1534 hypo-

290 1564 302 1582 1
325 1563 515 1594 infantibus
531 1562 774 1602 enterocelicis]
791 1562 847 1593 Sic
863 1563 937 1594 dist.
955 1563 998 1593 M
999 1563 1112 1604 ayhoff
1124 1574 1139 1595 e
1154 1564 1344 1595 Dioscorida
1360 1564 1409 1595 IV

244 1607 306 1637 20:
333 1605 586 1646 ἐντεροκηλικοῖς
606 1617 641 1635 τε
664 1605 804 1638 παιδίοις
820 1605 878 1646 τὴν
899 1605 1008 1637 ἐπάνω
1028 1605 1119 1646 ῥίζαν
1136 1608 1191 1645 (sc.
1209 1610 1265 1638 τοῦ
1288 1606 1406 1647 ξιφίου)

245 1648 279 1680 ἐν
296 1651 384 1687 ποτῷ
401 1648 457 1679 σὺν
474 1648 575 1679 ὕδατι.

289 1693 301 1710 ²
325 1692 411 1722 Ante
433 1691 578 1722 calculos
599 1691 724 1721 addant
746 1690 786 1722 de
807 1701 824 1721 r
838 1701 880 1722 a:
910 1691 1049 1732 depellit
1071 1691 1107 1722 in
1126 1696 1211 1723 textu
1233 1692 1405 1734 Maylzoff:

241 1734 349 1765 demit
364 1735 448 1765 coni.
465 1734 646 1765 Brakman.

285 1860 300 1875 ‘¹
322 1856 383 1887 See
402 1855 513 1892 XXV,
531 1855 545 1892 ξ
561 1856 612 1887 23.

286 1898 298 1918 ⁶
320 1899 361 1930 In
379 1899 509 1935 XXVI,
527 1898 540 1935 ἓ
555 1899 607 1935 35,
628 1900 641 1929 l
661 1898 821 1929 drachma
838 1898 876 1930 of
894 1898 1019 1939 betony
1035 1899 1069 1930 in
1086 1900 1105 1930 3
1123 1899 1237 1940 cyathi
1254 1899 1292 1930 of
1303 1909 1405 1931 warm

243 1945 347 1973 water
361 1942 389 1972 is
403 1941 593 1982 prescribed
608 1941 659 1972 for
674 1941 731 1972 the
746 1941 839 1979 liver,
856 1941 918 1973 but
932 1951 976 1972 no
991 1943 1142 1973 mention
1156 1943 1184 1973 is
1199 1942 1297 1973 made
1312 1942 1405 1974 there

243 1985 281 2017 of
291 1984 431 2016 bladder
443 1983 586 2015 trouble.

285 2031 296 2045 ⁶
319 2028 354 2058 It
376 2028 404 2058 is
422 2028 527 2058 easier
545 2030 581 2058 to
600 2026 722 2068 supply
741 2026 827 2057 from
846 2026 929 2058 cient
947 2027 1091 2058 suit-,able
1110 2027 1207 2059 verbs
1225 2031 1262 2059 to
1280 2038 1405 2068 govern

241 2069 379 2102 calculos
398 2070 466 2101 and
485 2069 785 2110 inflammationem,
805 2070 889 2101 than
907 2070 936 2101 it
954 2071 981 2101 is
1000 2070 1082 2101 with
1101 2070 1256 2111 Mayhoff
1270 2073 1307 2102 to
1325 2070 1405 2102 read

238 2145 305 2180 3²2
