1459 2288
125 820 165 851 35

390 72 584 110 PLINY:
632 71 895 109 NATURAL
928 70 1164 108 HISTORY

189 180 358 226 vinoque
380 178 551 226 gratiam
574 174 706 211 adicit.
762 176 845 210 eius
867 186 1017 223 genera
1037 173 1118 210 duo
1139 173 1270 211 fecere
1293 173 1368 210 alia

189 241 322 290 aliqui,
345 240 514 276 alterum
534 238 616 275 lato
637 237 744 281 folio,
767 237 937 274 alterum
957 237 1099 274 tenui.1

238 305 323 341 XV.
354 302 577 340 Heracleon
605 302 777 339 siderion
806 307 847 338 et
875 303 1005 351 ipsum
1034 301 1083 337 ab
1112 300 1285 338 Hercule
1313 303 1370 337 in-

190 374 353 406 ventum
384 373 457 411 est,
487 366 599 403 caule
628 368 741 403 tenui
771 365 989 415 digitorum
1018 370 1208 414 quattuor
1237 364 1370 401 altitu-

189 433 295 475 dine,
325 430 420 468 flore
448 433 630 480 puniceo,
659 428 762 466 foliis
793 428 998 466 coriandri.
1053 431 1165 465 iuxta
1193 428 1299 465 lacus
1329 434 1371 465 et

191 508 326 532 amnes
374 496 574 531 invenitur
623 495 835 542 omniaque
884 492 1049 529 vulnera
1097 491 1200 529 ferro
1247 491 1372 528 inlata

191 560 456 596 efficacissime
473 563 598 594 sanat.

240 623 347 659 XVI.
376 622 450 658 Est
468 621 648 658 Chironis
667 623 875 657 inventum
895 618 1071 669 ampelos
1090 632 1192 669 quae
1210 625 1372 656 vocatur

191 687 377 729 chironia,
400 686 450 722 de
474 699 553 735 qua
576 685 747 721 diximus
772 686 877 720 inter
900 686 1013 726 vites,
1038 685 1151 720 sicuti
1175 682 1226 720 de
1249 682 1372 719 herba

191 754 300 788 cuius
321 752 498 786 inventio
521 749 753 798 adsignatur
776 747 995 784 Minervae.

241 813 370 851 XVII.
401 813 563 849 Herculi
591 826 679 849 eam
704 824 862 861 quoque
887 811 1116 848 adscribunt
1140 823 1242 860 quae
1267 809 1372 860 apol-

191 879 323 915 linaris
344 877 450 927 apud
470 876 580 920 alios,
595 876 701 926 apud
722 889 791 912 nos
805 875 819 897 ²
835 873 1060 917 altercum,3
1075 874 1181 924 apud
1201 874 1372 911 Graecos

193 956 284 979 vero
321 941 582 992 hyoscyamos
621 939 858 990 appellatur.
927 938 1043 988 plura
1081 940 1164 975 eius
1203 951 1372 988 genera:

192 1019 316 1042 unum
336 1007 448 1054 nigro
468 1006 633 1047 semine,
651 1002 811 1040 floribus
826 1015 955 1052 paene
975 1004 1197 1052 purpureis,
1217 1004 1374 1051 spinoso

247 1106 253 1123 ¹
281 1105 352 1135 eius
381 1113 503 1144 genera
533 1102 600 1133 duo
629 1102 737 1132 fecere
766 1101 832 1132 alia
862 1100 977 1141 aliqui,
1007 1100 1153 1131 alterum
1182 1099 1253 1131 lato
1281 1099 1372 1136 folio,

200 1147 346 1178 alterum
369 1147 463 1177 tenui
485 1156 561 1186 eqo:
596 1146 667 1176 eius
688 1155 810 1185 genera
832 1144 900 1174 duo
921 1143 1029 1174 fecere
1050 1142 1166 1184 aliqui,
1188 1142 1270 1174 levis
1291 1142 1373 1180 folii,

201 1191 349 1221 alterum
362 1189 499 1220 tenuius
513 1187 675 1228 Deilessen
693 1201 699 1219 z
726 1187 791 1218 alia
805 1187 876 1218 eius
893 1197 1015 1227 genera
1028 1190 1092 1217 etc.
1108 1186 1265 1226 Mayhosf
1275 1198 1282 1216 :
1308 1185 1374 1216 alia

200 1233 352 1264 omittunt
381 1231 482 1268 codd„
512 1231 550 1261 in
578 1231 695 1271 quibus
723 1240 790 1260 non
820 1230 891 1260 eius
919 1229 974 1260 sed
1003 1229 1103 1260 huius
1132 1229 1291 1268 scriptum
1319 1232 1372 1259 est.

201 1275 285 1306 Sunt
308 1275 394 1305 aliae
418 1274 577 1311 lectiones,
601 1273 656 1304 sed
688 1273 784 1313 parvi
803 1272 966 1303 momenti.
1015 1271 1065 1312 Cf.
1087 1271 1167 1303 ἄλλα
1192 1271 1226 1303 δὲ
1247 1271 1374 1311 πανάκη

201 1319 238 1350 τὸ
255 1318 313 1357 μὲν
328 1317 549 1357 λεπτόφυλλον
564 1317 602 1348 τὸ
619 1316 653 1347 δὲ
669 1316 715 1347 οὔ.
765 1315 924 1355 ΤῘὶΘοΡῙὶν.
952 1315 1040 1346 Η.Ρ.
1070 1314 1134 1345 IX.
1154 1315 1206 1351 11,
1223 1316 1253 1345 4.

244 1361 256 1380 ²
280 1360 372 1401 apud
393 1359 486 1396 alios,
509 1359 601 1400 apud
622 1369 683 1389 nos
709 1358 860 1389 Urlichs:
895 1361 956 1389 aut
988 1356 1162 1397 Mayhoff:
1197 1356 1289 1398 apud
1319 1360 1376 1387 aut

202 1402 830 1484 apfffficdlld&tedgiieffiffieffrabufis
851 1443 1003 1475 Urlichs:
1040 1443 1084 1474 ab
1106 1442 1167 1474 aus
1188 1442 1372 1482 Deaefsen:

203 1501 223 1521 a
248 1489 340 1520 rabie
364 1489 437 1520 aliis
460 1488 628 1528 Mayhoff:
665 1487 801 1518 arabilis
823 1491 880 1517 aut
901 1486 1019 1517 arbilis
1042 1489 1100 1516 aut
1121 1486 1243 1516 arabas
1263 1485 1372 1516 codd.:

203 1543 257 1573 eqo
269 1532 388 1563 delevi:
413 1531 505 1571 apud
522 1531 653 1561 Arabas
670 1530 834 1561 altereum
852 1530 923 1560 sive
940 1529 1217 1569 altercangenum
1233 1528 1316 1568 vulq.

244 1720 258 1735 ‘²
281 1715 352 1746 The
383 1715 645 1755 corresponding
676 1723 817 1755 passage
847 1713 881 1744 in
912 1712 1166 1754 Theophrastus
1197 1711 1327 1752 implies
1358 1723 1378 1743 a

200 1759 366 1790 reference
390 1762 426 1789 to
451 1762 518 1789 two
543 1757 640 1788 other
664 1760 752 1788 sorts
775 1756 814 1787 of
834 1766 998 1797 panaces;
1035 1755 1094 1787 the
1118 1755 1278 1795 ordinary
1303 1759 1378 1786 text

199 1803 238 1833 of
256 1802 355 1842 Pliny
376 1801 478 1832 refers
498 1804 536 1831 to
557 1804 624 1831 two
646 1803 734 1831 sorta
755 1799 794 1830 of
813 1799 915 1830 “this
931 1799 950 1811 '‘
972 1799 1067 1836 kind,
1088 1798 1167 1829 that
1187 1798 1226 1835 is,
1247 1798 1286 1828 of
1303 1809 1376 1829 cen-

199 1846 346 1876 taurion.
394 1844 513 1875 Either
537 1843 636 1884 Pliny
659 1843 721 1874 has
744 1842 907 1873 muddled
931 1852 1014 1873 once
1037 1851 1141 1878 more,
1165 1851 1203 1872 or
1226 1841 1278 1872 his
1301 1844 1378 1872 text

201 1892 294 1919 must
318 1887 359 1918 be
383 1887 558 1918 emended.
606 1886 622 1917 I
647 1886 735 1917 have
758 1885 909 1926 adopted
933 1885 992 1915 the
1015 1884 1140 1915 second
1163 1883 1377 1921 alternative,

200 1931 358 1971 thinking
382 1930 464 1961 with
487 1929 641 1970 Mayhoff
665 1929 743 1959 that
765 1928 834 1959 alia
857 1928 918 1959 has
941 1928 1094 1969 dropped
1117 1930 1189 1965 out,
1213 1926 1378 1968 although

204 1993 270 2028 160
