1459 2288
66 364 123 395 162

65 1002 123 1032 163

353 149 548 186 PLINY:
594 148 858 186 NATURAL
891 148 1127 186 HISTORY

155 254 474 301 imaginationes,
496 250 664 286 eandem
689 249 997 299 hippophobada
1017 250 1209 299 appellat,
1234 263 1325 300 quo-

155 308 261 341 niam
284 317 410 353 equae
431 306 642 353 praecipue
664 309 832 339 caveant
854 316 953 339 eam.

199 358 511 394 Theombrotion
526 369 601 393 >axx
616 356 795 393 schoenis
812 369 835 392 a
851 356 1032 405 Choaspe
1048 359 1169 400 nasci,
1184 369 1330 406 pavon-

156 425 222 447 um
238 411 252 434 1
268 413 430 460 picturis
448 410 629 453 similem,
649 410 769 446 odore
791 412 946 446 eximio.
1001 409 1103 446 hanc
1123 423 1147 446 a
1170 410 1330 460 regibus

155 463 364 500 Persarum
383 464 465 500 bibi
486 469 622 500 contra
639 465 771 499 omnia
786 476 993 511 corporum
1008 463 1259 500 incommoda
1272 465 1329 499 in-

155 517 498 566 stabilitatemque
514 519 660 553 meritis
675 522 716 552 et
735 515 946 559 iustitiae,2
961 516 1131 553 eandem
1151 518 1331 553 semnion

155 584 177 607 a
197 573 403 620 potentiae
423 572 636 607 maiestate
657 569 859 619 appellari.

204 623 335 660 Aliam
378 623 523 660 deinde
566 622 824 659 adamantida
865 623 1081 659 Armeniae
1124 622 1331 672 Cappado-

154 680 319 726 ciaeque
359 676 570 713 alumnam.
626 676 700 712 hac
739 676 901 712 admota
938 675 1073 712 leones
1112 678 1330 725 resupinari

154 744 243 766 cum
266 730 378 766 hiatu
399 729 513 766 lasso.
569 732 735 766 nominis
758 742 918 766 causam
941 742 1027 766 esse
1051 729 1157 778 quod
1179 732 1329 766 conteri

154 789 341 832 nequeat.

205 836 395 872 Arianida
425 839 466 872 in
496 837 652 872 Arianis
683 838 793 885 gigni
823 838 983 885 igneam
1014 835 1156 879 colore,
1187 835 1329 886 colligi,

153 903 243 926 cum
262 889 317 926 sol
335 892 375 925 in
393 889 508 926 leone
527 892 589 925 sit.
644 889 759 925 huius
777 894 889 925 tactu
907 894 1102 938 peruncta
1119 888 1206 926 oleo
1224 888 1332 939 ligna

154 942 326 979 accendi.

200 996 463 1032 Therionarca
506 999 545 1031 in
590 995 842 1045 Cappadocia
885 1001 927 1032 et
971 994 1105 1046 Mysia
1141 1001 1331 1032 nascente

154 1063 291 1086 omnes
320 1048 423 1085 feras
451 1055 677 1098 torpescere
712 1061 785 1085 nec
812 1051 885 1085 nisi
912 1048 1094 1098 hyaenae
1122 1051 1236 1085 urina
1263 1048 1329 1086 ad-

154 1116 288 1152 spersa
306 1104 487 1139 recreari.

206 1155 450 1205 Aethiopida
487 1158 527 1191 in
568 1155 709 1192 Meroe
747 1157 867 1198 nasci,
905 1156 955 1192 ob
993 1155 1034 1192 id
1072 1161 1114 1192 et
1152 1155 1330 1192 meroida

155 1209 358 1258 appellari,
394 1208 486 1245 folio
532 1209 726 1251 lactucae,
760 1208 986 1258 hydropicis
1025 1208 1274 1245 utilissimam
1309 1221 1332 1245 e

153 1262 280 1299 mulso
301 1268 450 1311 potam.

203 1332 215 1350 1
238 1341 413 1371 pavonum
443 1330 550 1371 Silligy,
583 1330 768 1370 Deilefsen:
815 1331 959 1371 pavonis
989 1340 1063 1361 cum
1091 1330 1214 1371 aliquot
1243 1331 1330 1362 codd.

159 1374 322 1414 Mayhoff.

201 1418 213 1436 ²
237 1416 569 1456 instabilitatemque
589 1417 713 1447 mentis
731 1420 766 1447 et
792 1417 958 1455 iustitiae]
985 1417 1117 1447 inmota
1143 1416 1333 1448 stabilitate

158 1460 281 1490 mentis
296 1464 329 1490 et
344 1459 495 1490 iustitiae
509 1459 669 1499 Detlcssen
686 1471 692 1490 :
716 1459 932 1490 incommoda
941 1471 949 1495 ;
974 1469 994 1489 a
1008 1459 1195 1490 stabilitate
1210 1459 1332 1490 mentis

158 1507 191 1533 et
219 1502 373 1533 iustitiae
400 1501 562 1542 Illayhoff,
593 1502 647 1541 qui
674 1502 797 1532 mentis
824 1505 859 1532 et
884 1502 1035 1533 iustitiae
1061 1502 1156 1533 uncis
1181 1501 1330 1533 seclusit:

159 1545 487 1584 instabilitatemque
500 1545 623 1575 mentis
638 1545 719 1584 ταῖς.
736 1557 743 1576 :
764 1544 906 1584 fortasse
919 1545 963 1576 ad
975 1544 1197 1576 stabilitatem
1210 1545 1332 1576 mentis

157 1592 192 1619 et
206 1588 378 1619 iustitiae:
412 1587 504 1618 varia
520 1587 609 1618 codd.

195 1675 209 1689 ‘²
233 1671 249 1702 Ι
265 1671 345 1702 take
360 1671 419 1702 the
436 1671 455 1683 “
470 1675 620 1702 tortures
635 1671 653 1683 ’⁵
670 1674 707 1702 to
722 1671 764 1702 be
779 1671 878 1702 those
894 1671 1017 1702 caused
1031 1671 1076 1712 by
1092 1671 1151 1703 the
1165 1671 1331 1713 haunting

152 1714 347 1755 phantoms,
365 1725 402 1745 as
418 1714 445 1745 is
462 1714 642 1755 suggested
658 1714 703 1754 by
721 1714 780 1745 the
796 1714 955 1754 repeated
967 1724 1029 1754 per
1045 1714 1084 1745 of
1091 1725 1153 1754 per
1168 1715 1332 1746 cruciatus

151 1758 217 1787 and
230 1767 290 1796 per
306 1757 413 1787 varias
428 1757 605 1788 numinum
622 1757 884 1796 imaqinationes,
902 1757 1032 1797 though
1047 1757 1106 1788 the
1121 1757 1260 1798 phrases
1275 1768 1331 1788 are

151 1800 340 1840 separated.
388 1799 459 1831 But
484 1800 530 1840 by
552 1810 613 1839 per
629 1800 793 1830 cruciatus
819 1799 921 1840 Pliny
947 1810 1028 1840 may
1053 1800 1179 1841 simply
1210 1811 1330 1831 mean:

151 1842 171 1854 “
186 1842 285 1873 while
298 1842 382 1882 they
399 1853 455 1873 are
473 1842 574 1882 being
590 1843 747 1873 tortured
765 1853 801 1873 as
819 1847 898 1883 part
915 1842 953 1873 of
965 1842 1055 1874 their
1071 1841 1330 1883 punishment.”

152 1885 195 1916 So
211 1885 367 1925 Mayhoff
382 1885 589 1926 (Appendjx)
603 1897 610 1915 ι
643 1885 736 1915 noxii
752 1885 838 1916 inter
853 1885 1028 1916 cruciatus.

198 1928 210 1946 ¹²
236 1928 254 1940 ‘⁶
270 1928 366 1959 Food
379 1928 432 1958 for
444 1931 503 1959 the
517 1927 635 1969 gods.”

197 1975 208 1989 ⁰
230 1970 301 2001 The
326 1971 482 2001 schoenus
506 1981 576 2002 was
601 1981 621 2001 a
646 1981 800 2002 measure
826 1970 865 2002 of
885 1971 978 2012 forty
1002 1970 1119 2002 stades
1144 1971 1179 2002 in
1204 1970 1331 2013 length,

151 2013 258 2045 about
275 2013 341 2044 five
358 2013 464 2044 miles.

159 2087 226 2120 114
