1459 2288
383 181 578 219 PLINY:
624 183 887 221 NATURAL
920 184 1156 221 HISTORY

183 285 323 322 radicis
346 288 386 321 in
411 291 525 322 aceto
553 285 603 322 ad
626 286 929 323 crassitudinem
954 287 1096 331 mellis,
1120 301 1198 337 quo
1224 287 1358 336 leprae

182 349 404 385 inlinuntur
434 355 475 386 et
498 355 619 399 caput
647 350 907 400 inunguiturl
927 353 967 386 in
990 350 1124 387 dolore
1149 364 1238 388 cum
1259 351 1357 387 oleo.

115 417 155 448 62
232 413 420 449 XXXIX.
450 413 737 463 Tithymallum
781 416 904 451 nostri
947 413 1112 450 herbam
1154 414 1358 451 lactariam

180 483 337 520 vocant,
358 476 422 513 alii
441 477 636 514 lactucam
657 481 872 527 caprinam,
892 484 1133 528 narrantque
1152 478 1256 515 lacte
1277 481 1359 515 eius

181 544 370 590 inscripto
391 555 567 591 corpore,
589 555 678 578 cum
699 545 904 585 inaruerit,
926 545 957 578 si
978 545 1073 579 cinis
1094 545 1359 593 inspargatur,

183 618 374 654 apparere
410 605 579 649 litteraS,
610 612 651 642 et
686 609 743 642 ita
779 606 940 655 quidam
970 606 1170 643 adulteras
1201 607 1359 656 adloqui

181 669 358 706 maluere
377 683 495 718 quam
513 669 712 706 codicillis.
766 683 915 720 genera
933 673 1015 707 eius
1032 671 1181 707 multa:
1212 673 1359 720 primus

183 736 486 783 cognominatur
530 733 742 777 characias,
787 737 853 783 qui
898 740 940 770 et
983 734 1180 771 masculus
1226 737 1359 771 existi-

183 804 328 840 matur,
366 800 483 833 ramis
521 797 675 847 digitali
715 798 988 841 crassitudine,
1026 798 1166 841 rubris,
1201 801 1360 842 sucosis,

181 863 356 910 quinque
382 868 451 897 aut
476 875 559 905 sex,
584 861 746 898 cubitali
770 861 1032 911 longitudine,
1058 876 1081 898 a
1104 861 1235 898 radice
1260 861 1360 899 foliis

115 929 154 959 63
185 938 313 974 paene
334 925 459 969 oleae,
479 928 518 961 in
539 926 807 962 cacuminibus
828 939 941 962 coma
959 928 1074 962 iunci.
1130 929 1303 963 nascitur
1321 929 1361 962 in

185 992 331 1038 asperis
351 992 573 1031 maritimis,
593 989 739 1039 legitur
759 1003 894 1026 semen
915 995 1108 1026 autumno
1127 1003 1216 1026 cum
1236 1003 1361 1032 coma,

184 1056 373 1089 siccatum
415 1053 496 1090 sole
537 1053 721 1090 tunditur
763 1060 804 1090 et
844 1057 1060 1103 reponitur.
1115 1067 1229 1090 sucus
1270 1068 1362 1091 vero

183 1120 399 1166 incipiente
415 1131 622 1167 pomorum
637 1118 824 1168 lanugine
840 1117 1026 1155 defractis
1042 1118 1202 1155 ramulis
1218 1121 1362 1168 excipi-

183 1187 249 1217 tur
276 1180 403 1218 farina
430 1185 510 1218 ervi
538 1188 607 1218 aut
635 1182 715 1218 ficis
743 1188 788 1219 ut
814 1196 904 1219 cum
930 1185 975 1218 iis
1003 1188 1167 1219 arescat.
1223 1185 1361 1232 quinas

182 1252 319 1282 autem
353 1252 490 1296 guttas
525 1246 689 1296 singulis
725 1249 852 1295 excipi
881 1249 976 1283 satis
1013 1252 1087 1290 est,
1116 1246 1361 1296 traduntque

183 1312 305 1345 etiam
335 1312 484 1346 totiens
515 1312 674 1360 purgari
704 1309 939 1360 hydropicos
971 1310 1043 1347 fico
1073 1316 1234 1360 sumpta
1264 1316 1362 1360 quot

115 1378 156 1408 64
182 1379 318 1423 guttas
345 1387 391 1410 ea
415 1374 527 1410 lactis
553 1377 767 1424 exceperit.
823 1388 936 1411 sucus
961 1388 1051 1411 cum
1075 1375 1287 1425 colligitur,
1310 1388 1361 1412 ne

182 1440 359 1488 attingat
386 1438 516 1475 oculos
543 1438 765 1475 cavendum
793 1445 864 1475 est.
920 1438 965 1475 fit
992 1445 1033 1475 et
1060 1452 1081 1475 e
1107 1438 1210 1475 foliis
1235 1441 1361 1476 tunsis

181 1505 309 1551 priore
325 1505 453 1539 minus
470 1503 618 1539 efficax.
674 1503 719 1539 fit
735 1509 777 1539 et
792 1503 1001 1540 decoctum
1018 1516 1038 1539 e
1055 1506 1183 1540 ramis.
1244 1509 1305 1540 est
1320 1509 1362 1540 et

183 1579 320 1603 semen
356 1570 397 1603 in
433 1581 506 1604 usu
543 1581 633 1604 cum
669 1567 790 1604 melle
827 1568 1036 1604 decoctum
1073 1567 1122 1604 ad
1160 1570 1362 1617 catapotia

182 1630 397 1668 solvendae
421 1631 497 1667 alvi
519 1634 660 1681 gratia.
716 1644 852 1668 semen
877 1638 918 1668 et
941 1631 1122 1668 dentium
1145 1634 1248 1668 cavis
1272 1645 1361 1669 cera

182 1695 409 1732 includitur.
464 1695 677 1733 coluuntur
703 1702 745 1733 et
770 1696 910 1732 radicis
937 1695 1101 1732 decocto
1129 1709 1150 1732 e
1176 1699 1266 1733 vino
1292 1702 1361 1733 aut

193 1783 205 1801 ¹
227 1784 428 1825 inunguitur
446 1784 479 1821 d,
500 1784 658 1825 AIayhoff
669 1797 675 1815 ε
708 1785 871 1825 unguitur
885 1784 1032 1825 plerique
1050 1784 1151 1821 codd„
1170 1784 1343 1825 Deilefsen.

228 1884 243 1897 ⁰
265 1879 317 1910 On
333 1889 426 1910 coma
443 1890 498 1910 see
515 1889 572 1920 pp.
590 1881 665 1915 482,
681 1880 756 1910 483.

228 1921 241 1940 ¹²
263 1922 343 1953 Two
363 1926 537 1954 sentences
559 1923 646 1954 from
668 1922 881 1954 Dioscorides
902 1922 962 1959 IV,
985 1922 1056 1959 164,
1076 1932 1132 1953 are
1150 1923 1359 1964 interesting.

181 1965 275 2005 They
290 1976 345 1996 are
362 1978 368 1996 :
397 1964 543 2003 ὀπίζεται
562 1965 596 1996 δὲ
613 1964 683 2005 περὶ
699 1965 756 1997 τὸν
771 1965 940 2005 τρυγητόν,
956 1965 1024 1996 and
1039 1977 1046 1995 :
1073 1963 1108 1996 ἐν
1123 1964 1157 1996 δὲ
1173 1966 1220 2004 τῷ
1236 1963 1361 2002 ὄπίζειν

181 2007 218 2039 οὐ
249 2008 297 2039 δεῖ
325 2007 397 2039 κατ’
429 2008 547 2049 ἄνεμον
577 2007 727 2040 ἵστασθαι
758 2007 832 2039 οὐδὲ
861 2007 918 2041 τὰς
951 2009 1058 2048 χεῖρας
1090 2007 1266 2046 προσάγειν
1294 2011 1360 2041 τοῖς

181 2050 366 2092 ὀφθαλμοῖς.

178 2125 200 2160 3
207 2126 221 2148 1
228 2126 249 2148 0
