1459 2288
378 137 571 175 PLINY:
618 138 880 174 NATURAL
914 138 1144 175 HISTORY

171 241 229 277 vel
265 244 349 289 ipsa
381 242 505 290 glans.
563 240 702 276 eadem
737 243 885 277 resistit
917 243 1162 289 serpentium
1194 241 1348 277 ictibus.

170 293 477 336 rheumatismis,
513 294 874 342 suppurationibus.
930 293 1022 330 folia
1057 299 1099 330 et
1132 294 1254 330 bacae
1288 293 1348 329 vel

169 353 303 384 cortex
350 347 410 382 vel
455 360 569 383 sucus
614 347 765 383 decocti
812 352 977 396 prosunt
1023 352 1161 383 contra
1205 349 1347 383 toxica.

169 406 303 436 cortex
351 400 528 436 inlinitur
572 400 758 436 decoctus
804 400 906 436 lacte
951 402 1110 436 vaccino
1154 402 1349 448 serpentis

169 453 324 503 plagae,
346 453 465 489 datur
486 459 527 490 et
550 466 598 489 ex
621 456 710 490 vino
731 453 992 503 dysintericis.
1048 452 1190 490 eadem
1212 458 1255 490 et
1274 452 1348 489 ilici

170 520 236 543 ris.

131 568 148 593 s
222 559 288 595 IV.
317 559 487 596 Coccum
518 559 612 595 ilicis
643 559 868 596 vulneribus
899 559 1124 596 recentibus
1155 572 1204 596 ex
1234 565 1348 595 aceto

172 615 383 661 inponitur,
405 612 601 661 epiphoris
622 625 670 648 ex
692 625 808 661 aqua,
828 612 948 649 oculis
967 611 1138 649 subfusis
1157 614 1350 662 sanguine

171 665 432 702 instillatum.¹
483 671 543 702 est
560 671 696 702 autem
714 679 840 715 genus
861 679 909 702 ex
930 679 976 702 eo
995 668 1035 701 in
1051 664 1186 702 Africa
1204 664 1287 702 fere
1309 670 1349 701 et

171 719 266 754 Asia
294 732 460 755 nascens
490 718 694 755 celerrime
721 722 760 755 in
788 719 1046 755 vermiculum
1064 718 1079 741 2
1105 732 1147 755 se
1176 725 1349 761 mutans,

168 771 274 821 quod
309 772 398 808 ideo
427 772 636 808 scolecium
673 778 815 809 vocant
848 773 1154 822 inprobantque.
1210 774 1350 821 princi-

170 825 270 874 palia
293 827 376 861 eius
395 838 545 875 genera
564 825 746 861 diximus.

128 885 145 910 9
217 878 262 914 V.
293 877 376 914 Nec
410 881 593 927 pauciora
627 878 755 928 gallae
789 891 938 928 genera
971 878 1149 921 fecimus,
1184 877 1348 914 solidam

169 930 425 980 perforatam,
451 934 549 968 item
576 931 706 967 albam
734 934 901 981 nigram,
926 934 1117 968 maiorem
1142 934 1347 968 minorem.

168 987 222 1021 vis
261 987 437 1020 omnium
477 985 625 1026 similis,
665 988 817 1035 optima
857 984 1139 1034 Commagena.
1196 997 1348 1021 excres-

167 1040 299 1074 centia
320 1041 359 1074 in
381 1051 543 1086 corpore
565 1038 725 1081 tollunt,
747 1044 913 1086 prosunt
933 1040 1116 1088 gingivis,
1138 1051 1252 1081 uvae,
1273 1040 1349 1074 oris

167 1091 464 1127 exulcerationi.
519 1097 721 1128 crematae
739 1097 781 1128 et
797 1094 887 1128 vino
904 1094 1108 1128 extinctae
1124 1090 1139 1113 3
1155 1091 1349 1133 coeliacis,

167 1144 416 1194 dysintericis
466 1145 698 1187 inlinuntur,
747 1144 996 1194 paronychiis
1045 1158 1093 1181 ex
1142 1144 1274 1187 melle,
1308 1150 1349 1181 et

169 1198 366 1247 unguibus
404 1198 563 1240 scabris,
602 1201 809 1248 pterygiis,
848 1198 1043 1234 ulceribus
1080 1198 1348 1239 manantibus,

166 1251 468 1301 condylomatis,
479 1251 676 1287 ulceribus
688 1251 704 1274 4
717 1264 819 1300 quae
833 1251 1133 1301 phagedaenica
1145 1257 1347 1288 vocantur.

168 1307 204 1340 in
238 1307 326 1341 vino
359 1310 496 1341 autem
527 1304 717 1341 decoctae
750 1305 909 1341 auribus
941 1304 1196 1347 instillantur,
1228 1304 1348 1341 oculis

223 1395 231 1412 ¹
255 1394 459 1425 instillatum
477 1395 564 1425 codd.
582 1407 589 1424 :
620 1394 809 1425 instillatur
825 1394 920 1434 mly„
940 1394 1102 1434 Mayhoff.

218 1438 228 1454 ²
253 1437 474 1468 vermiculum
496 1438 562 1469 EX
584 1437 666 1478 vulgy.
684 1449 690 1468 :
720 1437 943 1468 vermiculum
963 1437 998 1468 id
1019 1436 1174 1477 Jlaylzoff
1186 1450 1192 1468 :
1226 1437 1348 1468 vermis

175 1479 309 1511 subtilis
325 1479 432 1519 Sinis),
449 1480 612 1521 Dellefsen
629 1492 635 1510 :
666 1481 790 1511 vermis
807 1480 936 1511 ultimis
951 1480 1077 1520 aliquot
1093 1479 1180 1511 codd.

215 1522 227 1540 ³
252 1523 329 1554 Post
346 1524 519 1554 extinctae
539 1523 692 1554 lacunam
709 1523 833 1554 indicat
850 1523 1012 1563 Mayhoff,
1029 1522 1086 1563 qui
1107 1522 1178 1554 coll.
1199 1522 1347 1552 Dioscor-

176 1566 223 1596 ide
255 1566 295 1604 (Ι.
327 1567 402 1605 107)
433 1567 634 1607 sanguinem
663 1567 811 1603 sistunt;
845 1577 886 1597 ex
919 1576 1009 1606 aqua
1039 1571 1100 1596 aut
1132 1566 1213 1596 vino
1244 1565 1348 1596 tritae

173 1608 329 1639 excidisse
345 1613 450 1648 putat.

216 1652 228 1670 ⁴
252 1652 419 1682 ulceribus
442 1651 508 1683 cod.
533 1651 621 1688 Dal„
671 1650 778 1692 Silli9‚
805 1650 973 1691 Mayhoff:
1011 1650 1206 1682 mineribus
1230 1649 1347 1692 Dellef-

173 1706 238 1731 sen,
263 1695 351 1726 codd.

210 1796 223 1809 ‘¹
247 1790 293 1822 Or
308 1791 382 1822 :—“
395 1791 430 1822 It
446 1791 473 1822 is
491 1791 575 1822 used
591 1790 626 1821 in
643 1801 687 1821 an
700 1790 909 1831 application
926 1789 979 1821 for
996 1800 1087 1822 cases
1099 1789 1139 1821 of
1151 1790 1345 1831 dyoentery,

165 1845 201 1866 or
217 1834 275 1865 the
292 1844 394 1865 acorn
410 1833 504 1865 itself
515 1834 543 1865 is
559 1844 596 1864 so
612 1834 731 1865 used.’'

214 1877 226 1896 ¹²
249 1878 310 1909 See
336 1881 416 1908 note
441 1877 461 1907 cl
487 1887 531 1908 on
557 1888 589 1917 p.
616 1879 646 1908 6.
693 1876 763 1907 The
789 1877 808 1889 ‘⁶
822 1877 946 1908 berries
958 1875 977 1887 '⁵
1004 1886 1082 1916 may
1111 1875 1152 1907 be
1180 1876 1238 1907 the
1264 1876 1346 1917 gans

165 1919 285 1951 caused
302 1919 346 1960 by
363 1920 422 1950 the
438 1920 567 1960 gall-fly
583 1920 618 1950 N
620 1924 786 1950 euroterws
802 1919 984 1950 baccarum.

211 1968 222 1981 ⁰
246 1962 364 1993 Either
385 1964 524 2003 poisons
545 1962 716 2003 generally
738 1973 776 1993 or
797 1962 895 1993 those
917 1961 1001 1992 used
1021 1965 1058 1992 to
1080 1962 1201 2001 poison
1222 1971 1346 1992 arrows

168 2006 269 2045 (τόξα)
285 2005 354 2036 and
369 2005 467 2037 other
482 2015 651 2046 weaponS.
698 2007 759 2038 See
776 2005 847 2036 also
864 2009 945 2036 note
961 2015 982 2035 a
998 2014 1041 2035 on
1057 2014 1091 2045 p.
1110 2004 1162 2035 20.

167 2067 189 2102 8
