1459 2288
379 157 574 195 PLINY:
619 158 881 196 NATURAL
914 159 1150 197 HISTORY

180 275 350 306 muscus,
369 265 436 311 qui
455 267 497 298 et
514 264 597 311 ipse
615 262 804 299 inlinitur.
858 262 920 299 hic
939 269 981 299 et
998 265 1231 313 sanguinem
1250 266 1353 301 sistit

180 326 403 363 volneribus
420 325 634 362 instillatus
654 332 695 363 et
708 326 958 363 collectiones
971 327 1117 364 inlitus.
1171 329 1352 365 morbum

180 403 337 439 quoque
359 393 513 440 regium
534 403 624 426 cum
645 390 763 427 melle
785 397 898 427 sanat
921 404 987 428 ore
1008 391 1120 428 inlito
1143 398 1184 428 et
1205 392 1350 442 lingua.

180 457 245 503 qui
277 457 334 490 ita
364 459 552 490 curentur
583 468 686 504 aqua
717 454 817 490 salsa
848 454 967 491 lavari
998 456 1198 499 iubentur,
1230 459 1352 506 ungui

179 518 265 554 oleo
296 517 563 568 amygdalino,
592 517 801 555 hortensiis
832 519 1044 555 abstinere.
1100 519 1150 555 ad
1178 519 1352 557 lichenas

181 588 221 618 et
244 581 424 631 thapsiae
448 582 578 618 radice
603 588 770 618 utuntur
791 585 887 618 trita
909 596 998 619 cum
1021 583 1152 620 melle.

229 646 299 682 XI.
329 647 511 696 Anginae
535 649 764 696 argemonia
786 646 971 683 medetur
993 653 1152 696 sumpta
1175 660 1224 684 ex
1248 651 1351 691 vino,

178 709 373 760 hysopum
392 723 482 746 cum
504 710 575 746 fico
595 710 803 746 decoctum
825 716 864 746 et
885 714 1190 760 gargarizatum,
1208 725 1350 761 peuce-

178 773 326 810 danum
359 787 448 810 curn
477 774 641 823 coagulo
670 774 782 810 vituli
816 777 955 810 marini
990 778 1124 824 aequis
1158 776 1350 825 partibus,

178 840 453 887 proserpinaca
467 851 557 874 cum
572 841 698 874 muria
714 851 762 874 ex
778 841 903 875 menis
920 845 961 875 et
977 838 1063 875 oleo
1078 842 1174 875 trita
1194 839 1255 875 vel
1275 840 1348 876 sub

177 902 312 951 lingua
326 901 474 938 habita.
531 905 630 938 item
643 915 756 938 sucus
773 902 822 938 de
840 901 1112 952 quinquefolio
1127 909 1244 952 potus
1260 917 1349 953 cya-

178 965 255 1002 this
281 966 417 1002 tribus.
472 965 534 1002 hic
561 972 602 1002 et
629 967 809 1002 omnibus
837 965 1009 1002 faucium
1036 969 1138 1003 vitiis
1166 967 1349 1004 medetur

177 1033 459 1079 gargarizatus,
493 1031 723 1066 verbascum
758 1033 941 1079 privatim
975 1031 1140 1067 tonsillis
1173 1034 1213 1067 in
1247 1045 1349 1081 aqua

178 1100 330 1144 potum.

234 1158 327 1194 XII.
356 1161 514 1195 strumis
563 1158 766 1208 plantago,
813 1159 1037 1196 chelidonia
1087 1173 1176 1196 cum
1226 1161 1345 1197 melle

178 1229 219 1260 et
254 1226 439 1273 axungia,
474 1222 802 1273 quinquefolium,
836 1224 948 1260 radix
981 1224 1217 1273 persollatae
1252 1228 1349 1261 item

177 1300 265 1323 cum
290 1290 690 1336 axungia—operitur
714 1286 807 1323 folio
830 1301 900 1324 suo
923 1290 1244 1337 inposita—item
1270 1295 1346 1325 art-

178 1354 325 1395 emisia,
349 1351 461 1387 radix
481 1351 768 1401 mandragorae
790 1364 837 1387 ex
860 1365 973 1401 aqua.
1028 1352 1198 1389 sideritis
1218 1352 1347 1389 latifo-

177 1415 227 1451 lia
242 1415 352 1451 clavo
372 1418 527 1452 sinistra
543 1429 662 1451 manu
683 1414 932 1451 circumfossa
954 1415 1204 1465 adalligatur,
1220 1423 1347 1453 eusto-

176 1479 324 1515 dienda
347 1482 508 1522 sanatis,
528 1492 578 1516 ne
598 1492 729 1515 rursus
751 1485 837 1515 sata
854 1479 866 1502 1
891 1479 1161 1516 herbariorum
1185 1481 1346 1524 scelere,

177 1549 221 1579 ut
251 1546 290 1579 in
321 1543 557 1592 quibusdam
587 1543 770 1586 diximus,
801 1543 981 1587 rebellet,
1013 1544 1118 1593 quod
1149 1550 1190 1581 et
1219 1547 1259 1580 in
1289 1544 1347 1581 his

177 1620 273 1656 quos
295 1610 495 1643 artemisia
514 1610 712 1644 sanaverit
731 1608 904 1656 praedici
924 1611 1090 1657 reperio,
1110 1611 1208 1645 item
1228 1611 1267 1644 in
1288 1608 1346 1645 his

177 1684 272 1720 quos
293 1671 494 1720 plantago.
551 1671 856 1715 damasonium,2
871 1685 972 1721 quae
994 1677 1035 1708 et
1051 1671 1216 1708 alisma3
1236 1685 1346 1709 voca-

230 1766 241 1784 1
266 1768 341 1796 sata
368 1765 530 1805 Detles-sen
556 1776 630 1796 cum
656 1765 777 1805 aliquot
804 1766 916 1797 codd.:
957 1769 1032 1796 sata
1059 1766 1113 1797 die
1140 1766 1168 1797 E
1195 1776 1232 1798 r:
1273 1770 1349 1798 sata

183 1808 333 1839 taedium
352 1808 514 1848 [lIaylzoff.

228 1851 240 1869 2
264 1851 500 1882 damasonium
518 1851 714 1882 Hermolaus
732 1851 898 1882 Barbarus
917 1862 932 1882 e
949 1851 1149 1888 Dioscorida,
1169 1851 1326 1892 IlIayhoff
1336 1865 1343 1883 z

183 1893 378 1924 damasione
395 1894 457 1924 VR
474 1894 591 1930 Ianus,
609 1894 781 1934 Detlefsen.

226 1937 239 1954 ³
261 1936 380 1967 alisma
400 1937 595 1967 Hermolaus
615 1937 803 1967 Barbarus:
838 1937 930 1967 alcea
951 1937 1137 1973 Caesarius,
1159 1937 1342 1978 Detlefsen:

182 1979 302 2010 alcima
320 1980 437 2016 Ianus,
457 1980 497 2010 M
499 1979 612 2020 ayhoff
623 1992 630 2011 :
663 1979 813 2010 caucalin
831 1980 914 2019 vuly.
931 1992 938 2010 :
969 1979 1089 2017 aleam,
1103 1980 1267 2017 alcanam,
1280 1980 1345 2011 alia

182 2032 272 2059 nam,
292 2022 357 2052 alia
376 2023 463 2053 codd.

177 2084 242 2119 282
