1459 2288
111 399 151 430 57

112 931 153 962 58

113 1198 154 1229 59

113 1464 156 1496 60

379 130 575 167 PLINY:
621 130 884 168 NATURAL
918 130 1154 167 HISTORY

178 238 294 285 cipua
331 234 503 271 siccandi
539 234 814 284 spissandique
852 237 908 271 vis
947 237 983 271 ei
1022 240 1064 271 et
1102 234 1356 271 collectiones

178 288 591 337 inflammationesque
611 300 747 324 omnes
765 287 987 330 inhibendi,
1005 290 1218 337 praecipue
1237 287 1357 337 poda-

179 355 273 392 grae
294 348 336 378 et
355 341 543 390 quicquid
562 340 785 390 refrigerari
805 354 903 390 opus
923 343 985 377 sit.

227 394 412 430 XXXIV.
441 394 629 443 Bupleuri
651 407 789 431 semen
811 394 860 430 ad
881 396 983 430 ictus
1005 396 1252 443 serpentium
1273 393 1355 430 dari

180 451 333 497 reperio
363 447 567 497 foverique
597 447 735 497 plagas
766 447 932 484 decocta
962 460 1010 484 ea
1038 446 1163 483 herba
1193 447 1357 484 adiectis

179 500 281 538 foliis
299 504 397 537 mori
418 506 488 537 aut
507 503 669 550 origani.

228 554 391 590 XXXV.
422 554 677 590 Catanancen
703 553 934 590 Thessalam
960 553 1126 589 herbam
1153 553 1279 602 qualis
1306 556 1355 590 sit

178 608 344 644 describi
373 621 395 644 a
420 608 532 644 nobis
558 620 846 656 supervacuum
867 612 942 649 est,
962 620 1052 642 cum
1077 609 1129 643 sit
1153 619 1246 643 usus
1272 609 1356 643 eius

180 661 230 698 ad
253 663 446 697 amatoria
468 666 639 697 tantum.
693 660 792 696 illud
814 673 892 696 non
916 660 966 696 ab
989 673 1031 696 re
1056 666 1117 696 est
1139 659 1285 696 dixisse
1308 659 1358 696 ad

179 714 430 764 detegendas
446 717 620 763 magicas
638 716 850 756 vanitates,
868 713 1039 750 electam
1057 712 1106 749 ad
1122 712 1227 749 hunc
1243 726 1358 750 usum

180 770 422 809 coniectura,
468 770 656 816 quoniam
700 779 881 803 arescens
924 765 1180 803 contraheret
1223 779 1265 803 se
1308 766 1357 803 ad

180 824 352 870 speciem
375 823 567 870 unguium
589 819 696 856 milvi
719 822 948 857 exanimati.
1005 819 1145 856 eadem
1169 832 1217 856 ex
1240 832 1358 856 causa

181 880 223 911 et
241 887 373 911 cemos
392 873 573 910 silebitur
592 874 715 910 nobis.

228 927 413 963 XXXVI.
443 927 568 977 Calyx
593 927 762 963 duorum
785 939 980 975 generum
1006 932 1078 962 est.
1119 939 1200 962 una
1223 925 1358 962 similis

180 994 247 1017 aro
292 983 465 1017 nascitur
508 983 548 1016 in
593 980 850 1022 arationibus,
895 979 1097 1029 colligitur
1141 985 1357 1028 antequam

181 1037 390 1077 inarescat,
426 1047 518 1070 usus
557 1033 718 1070 eosdem
754 1032 877 1069 habet
914 1046 1012 1081 quos
1049 1032 1154 1069 aris.1
1207 1033 1356 1069 bibitur

180 1100 339 1137 quoque
357 1086 469 1124 radix
487 1086 603 1123 huius
623 1086 672 1123 ad
692 1085 977 1123 exinaniendas
997 1085 1102 1122 alvos
1121 1098 1358 1135 mensesque

179 1140 404 1183 mulierum,
442 1143 540 1177 item
578 1140 709 1177 caules
747 1153 837 1176 cum
875 1138 978 1176 foliis
1015 1142 1055 1175 in
1092 1138 1358 1189 leguminibus

179 1194 333 1231 decocti
356 1200 499 1230 sanant
522 1200 745 1230 tenesmon.
801 1192 1008 1228 XXXVII.
1038 1192 1209 1229 alterum
1232 1204 1358 1242 genus

181 1251 263 1284 eius
310 1247 472 1296 quidam
524 1246 738 1283 anchusam
784 1252 940 1289 vocant,
987 1245 1051 1282 alii
1096 1245 1358 1282 rhinocliam.²

180 1300 301 1337 folia3
321 1300 499 1337 lactucae
525 1300 715 1349 longiora,
735 1299 928 1348 plumosa,
949 1299 1080 1335 radice
1104 1299 1235 1342 rubra,
1257 1312 1359 1348 quae

180 1357 292 1404 ignes
309 1367 438 1391 sacros
455 1367 544 1390 cum
562 1353 656 1390 flore
674 1353 862 1402 polentae
880 1358 996 1389 sanat
1011 1355 1196 1402 inposita,
1215 1355 1357 1389 iocine-

181 1411 230 1444 ris
249 1413 386 1444 autem
404 1410 500 1444 vitia
516 1410 556 1443 in
574 1409 664 1443 vino
683 1406 772 1443 albo
790 1412 898 1455 pota.

230 1460 459 1496 XXXVIII.
490 1460 652 1497 Circaea
672 1459 841 1509 trychno
862 1461 988 1496 sativo
1010 1458 1145 1495 similis
1167 1464 1242 1501 est,
1263 1457 1358 1495 flore

182 1516 293 1563 nigro
315 1513 470 1563 pusillo,
492 1527 612 1563 parvo
634 1516 785 1550 semine
807 1512 904 1549 milii
926 1517 1116 1548 nascente
1137 1514 1178 1548 in
1200 1512 1359 1561 quibus—

181 1567 272 1604 dam
306 1567 524 1610 corniculis,
557 1567 687 1603 radice
720 1565 967 1615 semipedali,
998 1565 1142 1614 triplici
1174 1563 1257 1601 fere
1290 1571 1358 1602 aut

182 1620 442 1670 quadruplici,
463 1620 566 1662 alba,
586 1620 765 1662 odorata,
784 1625 925 1669 gustus
945 1618 1073 1655 calidi.
1126 1621 1301 1655 nascitur
1319 1621 1359 1654 in

235 1695 246 1714 ¹
269 1696 336 1726 aris
351 1695 455 1726 Hard.
469 1708 475 1726 :
501 1705 555 1725 ars
569 1698 628 1725 aul
642 1694 720 1725 hars
735 1693 823 1725 codd.
839 1706 846 1725 :
868 1697 943 1733 post
956 1703 1011 1724 ars
1026 1693 1063 1724 in
1075 1692 1163 1724 codd.
1177 1703 1208 1729 a,
1221 1693 1307 1723 unde
1321 1697 1358 1724 at

188 1738 270 1769 coni.
288 1738 462 1778 Mayhoff:
491 1748 555 1768 om.
572 1736 747 1777 Dellefsen.

231 1782 243 1799 ²
265 1781 464 1812 rhinocliam
498 1781 606 1811 Ianus
638 1791 654 1811 e
688 1779 796 1811 Plinii
831 1778 937 1810 indice
952 1791 958 1809 :
1007 1778 1175 1810 onocliam
1208 1777 1306 1817 Silliq
1339 1789 1354 1808 e

187 1823 398 1855 Dioscorida:
432 1823 522 1854 varia
537 1822 626 1854 codd.

232 1867 245 1885 ³
267 1866 348 1897 folia
364 1867 386 1898 d
403 1866 431 1897 E
450 1866 545 1906 vulq„
563 1865 720 1905 Mayhoff
731 1877 737 1896 :
768 1864 850 1896 folio
867 1864 929 1895 VR
946 1863 1120 1904 Deilessen‚
1139 1863 1195 1904 qui
1211 1863 1358 1904 longiore

188 1912 217 1940 et
228 1909 385 1951 plumoso
400 1909 483 1940 coni.

552 2018 565 2031 ‘¹
590 2014 645 2050 Or,
666 2013 684 2024 “
700 2018 736 2045 to
752 2012 925 2044 thicken.”

182 2081 251 2112 424
