1459 2288
106 508 144 538 13

108 936 147 966 14

372 186 568 225 PLINY:
613 187 876 225 NATURAL
910 188 1145 226 HISTORY

172 292 333 339 ingenii,
346 289 421 326 huc
437 303 478 326 se
491 296 658 339 repente
671 293 866 327 convertit
880 297 1014 340 atque,
1029 298 1073 327 ut
1086 305 1245 328 necesse
1260 297 1345 328 erat

171 343 320 380 homini
345 345 412 392 qui
436 356 509 380 nec
533 343 574 380 id
599 346 746 393 egisset
770 357 842 380 nee
866 345 1044 381 remedia
1067 351 1201 381 nosset
1226 345 1346 382 oculis

172 409 325 446 usuque
365 397 634 446 percipienda,
674 400 842 434 torrenti
882 411 926 434 ac
966 398 1162 435 meditata
1200 399 1346 435 cotidie

172 453 350 486 oratione
376 449 585 486 blandiens
611 453 742 487 omnia
768 451 966 488 abdicavit
990 457 1198 501 totamque
1224 452 1347 488 medi-

172 506 300 539 cinam
319 503 369 539 ad
386 516 522 540 causas
539 504 761 540 revocando
777 507 1027 541 coniecturae
1045 504 1153 548 fecit,
1171 507 1345 555 quinque

171 570 232 593 res
284 570 472 593 maxume
523 560 792 594 communium
843 558 1078 594 auxiliorum
1130 558 1341 608 professus,

171 611 458 646 abstinentiam
495 611 584 653 cibi,
621 611 715 647 alias
752 614 845 655 vini,
881 611 1128 648 fricationem
1164 615 1347 661 corporis,

172 663 500 707 ambulationem,
531 667 790 714 gestationeS,
823 678 925 714 quae
956 678 1045 701 cum
1077 668 1346 715 unusquisque

172 723 300 754 semet
320 719 450 766 ipsum
471 718 545 754 sibi
565 724 768 767 praestare
789 731 903 767 posse
924 718 1193 768 intellegeret,
1214 718 1347 755 faven-

171 771 277 807 tibus
297 773 447 807 cunctis
470 771 607 808 velut1
628 777 761 808 essent
781 785 873 808 vera
893 785 995 822 quae
1015 771 1201 808 facillima
1221 778 1346 816 erant,

172 827 399 860 universum
427 838 549 874 prope
577 824 795 861 humanum
823 839 948 875 genus
977 828 1207 875 circumegit
1235 828 1275 862 in
1302 839 1344 862 se

171 891 249 914 non
271 877 347 914 alio
367 878 485 914 modo
506 891 625 927 quam
646 881 676 914 si
697 878 806 915 caelo
827 879 1018 915 demissus
1039 879 1275 916 advenisset.

223 930 335 967 VIII.
364 931 565 968 Trahebat
586 938 795 981 praeterea
816 938 971 969 mentes
988 933 1003 955 2
1023 933 1187 969 artificio
1207 935 1314 969 inani
1330 932 1347 955 ³

172 987 250 1020 iam
267 985 283 1008 4
305 987 395 1021 vina
416 985 688 1034 promittendo
711 988 837 1035 aegris
860 986 1071 1035 dandoque
1093 989 1346 1036 tempestive,

172 1041 249 1074 iam
277 1037 461 1088 frigidam
490 1052 647 1087 aquam,
675 1045 717 1075 et
744 1042 930 1088 quoniam
957 1053 1093 1076 causas
1120 1040 1346 1076 morborum

172 1094 337 1128 scrutari
365 1094 472 1141 prius
501 1092 743 1141 Herophilus
771 1095 1015 1136 instituerat,
1043 1095 1121 1129 vini
1149 1095 1344 1130 rationem

170 1145 450 1182 inlustraverat
467 1145 738 1195 Cleophantus
754 1146 861 1196 apud
875 1149 1034 1196 priscos,
1050 1149 1132 1196 ipse
1148 1149 1346 1197 cognomi-

171 1202 254 1234 nari
284 1212 325 1235 se
354 1198 498 1249 frigida
526 1199 659 1236 danda
686 1199 928 1249 praeferens,
956 1206 1002 1236 ut
1031 1206 1166 1237 auctor
1195 1206 1256 1237 est
1287 1200 1343 1236 M.

170 1251 305 1288 Varro.
364 1252 440 1289 alia
473 1266 630 1302 quoque
664 1253 938 1290 blandimenta
971 1254 1239 1304 excogitabat,
1268 1256 1344 1290 iam

224 1332 235 1350 ¹
260 1332 354 1363 velut
377 1332 625 1372 Warmzssnyton:
657 1336 696 1364 ut,
713 1333 803 1364 codd.

221 1375 232 1393 ²
255 1379 386 1406 mentes
404 1375 550 1415 plerique
570 1375 671 1412 codd„
694 1375 866 1416 Mayhoff:
901 1377 1025 1407 mentis
1047 1376 1085 1412 V,
1108 1376 1279 1415 Detlessen.

221 1418 233 1436 ³
255 1419 347 1448 inani
359 1418 443 1449 coni.
458 1418 621 1458 sslayhoff,
634 1418 689 1449 sed
701 1418 783 1449 alias
796 1419 885 1449 addit
902 1431 908 1449 z
935 1420 1065 1450 animos
1078 1420 1145 1449 iam
1159 1419 1320 1459 Detlefsen
1336 1432 1343 1450 z

176 1461 324 1491 mirabili
347 1461 430 1500 vulg).
456 1465 483 1491 et
499 1461 640 1501 sortasse
664 1462 708 1492 d:
746 1461 907 1493 animalia
928 1462 1039 1501 plures
1063 1462 1163 1498 codd„
1193 1462 1343 1493 Urlichs:

176 1503 262 1534 uliae
279 1504 478 1534 coniecturae
496 1508 572 1534 sunt
590 1504 683 1541 anili,
702 1505 846 1541 animae,
866 1505 1015 1535 amabili.
1069 1505 1146 1535 Vide
1165 1508 1283 1535 nocam.

220 1547 231 1565 ⁴²
256 1547 323 1577 iam
340 1547 423 1578 coni.
440 1547 551 1586 plures
567 1559 573 1577 z
607 1558 669 1578 om.
690 1547 778 1578 codd.

215 1675 229 1689 ⁴¹
254 1671 287 1702 It
310 1672 336 1702 is
359 1672 527 1712 supposed
550 1671 628 1702 that
651 1671 749 1712 Pliny
772 1672 849 1703 here
873 1672 1027 1703 confuses
1049 1671 1264 1712 Asclepiades
1285 1672 1344 1703 the

172 1714 346 1755 physician
384 1714 465 1744 with
503 1714 718 1755 Asclepiades
754 1714 812 1745 the
849 1715 1063 1746 rhetorician.
1110 1715 1170 1746 See
1207 1715 1343 1746 clifford

171 1757 317 1793 Allbutt,
337 1757 436 1788 Greek
455 1757 621 1788 Mcdicszssne
638 1761 671 1787 (ιε
690 1758 798 1791 Rome.
818 1768 850 1798 p.
873 1759 943 1788 180.

219 1801 230 1819 ⁶
253 1799 347 1831 With
367 1799 426 1830 the
443 1799 536 1830 MSS.
554 1800 710 1840 reading:
743 1800 860 1831 “were
883 1799 1031 1831 inclined
1053 1803 1090 1830 to
1114 1799 1243 1831 believe
1266 1801 1345 1831 that

178 1843 236 1873 the
252 1844 375 1873 easiest
390 1842 492 1879 etc.‚”
511 1842 574 1873 but
583 1843 695 1883 favere
711 1847 746 1874 ut
761 1858 794 1869 =
809 1843 828 1855 “
841 1846 878 1874 to
894 1843 1017 1873 favour
1033 1843 1092 1873 the
1108 1842 1213 1874 belief
1232 1843 1312 1874 that
1323 1842 1343 1855 ”

174 1887 200 1916 is
216 1886 371 1916 dubious,

216 1933 226 1947 ⁶
250 1928 433 1969 Mayhoff’s
452 1928 549 1958 inani
569 1929 596 1959 is
616 1929 761 1969 perhaps
781 1929 839 1959 the
860 1928 945 1959 least
965 1927 1114 1969 unlikely
1135 1928 1172 1959 of
1191 1929 1250 1959 the
1294 1939 1343 1959 ro-

172 1971 274 2012 posed
298 1971 533 2002 emendations
558 1971 595 2002 of
615 1971 672 2002 the
696 1971 859 2002 animalia
882 1971 920 2002 of
940 1971 998 2002 the
1020 1971 1114 2002 MSS.
1162 1971 1225 2002 His
1248 1939 1344 2008 agas,

171 2014 336 2050 however,
354 2014 435 2044 with
452 2014 520 2044 iam
535 2013 705 2055 following
721 2014 788 2044 will
803 2014 981 2045 commend
995 2013 1090 2045 itself
1102 2017 1138 2045 to
1155 2014 1228 2045 few.
1274 2014 1345 2045 The

171 2056 308 2097 vulgate
340 2056 485 2087 mirabili
516 2057 608 2097 gives
640 2057 805 2088 excellent,
836 2067 941 2094 sense,
975 2056 1037 2088 but
1069 2056 1179 2088 would
1211 2059 1272 2087 not
1304 2056 1345 2087 be

171 2129 240 2164 274
