<?xml version="1.0" encoding="UTF-8"?>
<!DOCTYPE html PUBLIC "-//W3C//DTD XHTML 1.0 Transitional//EN"
    "http://www.w3.org/TR/xhtml1/DTD/xhtml1-transitional.dtd">
<html xmlns="http://www.w3.org/1999/xhtml" xml:lang="en" lang="en">
 <head>
  <title>
</title>
<meta http-equiv="Content-Type" content="text/html;charset=utf-8" />
  <meta name='ocr-system' content='tesseract 3.04.00' />
  <meta name='ocr-capabilities' content='ocr_page ocr_carea ocr_par ocr_line ocrx_word'/>
</head>
<body>
  <div class='ocr_page' id='page_1' title='image "./naturalhistory07plinuoft_0284.png"; bbox 0 0 1459 2288; ppageno 0'>
   <div class='ocr_carea' id='block_1_1' title="bbox 604 524 1019 571">
    <p class='ocr_par' dir='ltr' id='par_1_1' title="bbox 604 524 1019 571">
     <span class='ocr_line' id='line_1_1' title="bbox 604 524 1019 571; baseline 0.002 -1"><span class='ocrx_word' id='word_1_1' title='bbox 604 524 807 571; x_wconf 87' lang='lat' dir='ltr'><strong>LIBER</strong></span> <span class='ocrx_word' id='word_1_2' title='bbox 855 525 1019 571; x_wconf 89' lang='lat' dir='ltr'>XXVI</span> 
     </span>
    </p>
   </div>
   <div class='ocr_carea' id='block_1_2' title="bbox 155 641 1371 1600">
    <p class='ocr_par' dir='ltr' id='par_1_2' title="bbox 159 641 1371 1109">
     <span class='ocr_line' id='line_1_2' title="bbox 159 641 1370 692; baseline 0.003 -16"><span class='ocrx_word' id='word_1_3' title='bbox 159 646 174 676; x_wconf 96' lang='grc'><strong>1</strong></span> <span class='ocrx_word' id='word_1_4' title='bbox 250 641 280 678; x_wconf 92' lang='grc' dir='ltr'>Ι.</span> <span class='ocrx_word' id='word_1_5' title='bbox 311 641 442 679; x_wconf 80' lang='lat' dir='ltr'>Sensit</span> <span class='ocrx_word' id='word_1_6' title='bbox 468 641 588 678; x_wconf 85' lang='lat' dir='ltr'>facies</span> <span class='ocrx_word' id='word_1_7' title='bbox 614 641 819 678; x_wconf 88' lang='lat' dir='ltr'>hominum</span> <span class='ocrx_word' id='word_1_8' title='bbox 847 648 888 679; x_wconf 79' lang='lat' dir='ltr'>et</span> <span class='ocrx_word' id='word_1_9' title='bbox 914 655 1033 679; x_wconf 85' lang='lat' dir='ltr'>novos</span> <span class='ocrx_word' id='word_1_10' title='bbox 1059 645 1246 692; x_wconf 89' lang='lat' dir='ltr'>omnique</span> <span class='ocrx_word' id='word_1_11' title='bbox 1273 655 1370 680; x_wconf 86' lang='lat' dir='ltr'>aevo</span> 
     </span>
     <span class='ocr_line' id='line_1_3' title="bbox 196 703 1370 753; baseline 0.001 -14"><span class='ocrx_word' id='word_1_12' title='bbox 196 705 325 752; x_wconf 86' lang='lat' dir='ltr'>priore</span> <span class='ocrx_word' id='word_1_13' title='bbox 345 706 566 753; x_wconf 84' lang='lat' dir='ltr'>incognitos</span> <span class='ocrx_word' id='word_1_14' title='bbox 586 717 665 740; x_wconf 89' lang='lat' dir='ltr'>non</span> <span class='ocrx_word' id='word_1_15' title='bbox 687 703 827 740; x_wconf 86' lang='lat' dir='ltr'>Italiae</span> <span class='ocrx_word' id='word_1_16' title='bbox 848 703 966 740; x_wconf 89' lang='lat' dir='ltr'>modo</span> <span class='ocrx_word' id='word_1_17' title='bbox 986 717 1123 740; x_wconf 81' lang='lat' dir='ltr'>verum</span> <span class='ocrx_word' id='word_1_18' title='bbox 1144 707 1266 741; x_wconf 84' lang='lat' dir='ltr'>etiam</span> <span class='ocrx_word' id='word_1_19' title='bbox 1285 707 1370 740; x_wconf 89' lang='lat' dir='ltr'>uni-</span> 
     </span>
     <span class='ocr_line' id='line_1_4' title="bbox 196 765 1371 815; baseline 0.002 -15"><span class='ocrx_word' id='word_1_20' title='bbox 196 777 333 801; x_wconf 84' lang='lat' dir='ltr'>versae</span> <span class='ocrx_word' id='word_1_21' title='bbox 353 778 477 814; x_wconf 84' lang='lat' dir='ltr'><strong>prope</strong></span> <span class='ocrx_word' id='word_1_22' title='bbox 497 765 681 814; x_wconf 81' lang='lat' dir='ltr'>Europae</span> <span class='ocrx_word' id='word_1_23' title='bbox 701 766 872 808; x_wconf 78' lang='lat' dir='ltr'>morbos,</span> <span class='ocrx_word' id='word_1_24' title='bbox 892 771 987 801; x_wconf 82' lang='lat' dir='ltr'>tunc</span> <span class='ocrx_word' id='word_1_25' title='bbox 1007 778 1166 815; x_wconf 87' lang='lat' dir='ltr'>quoque</span> <span class='ocrx_word' id='word_1_26' title='bbox 1185 779 1264 802; x_wconf 92' lang='lat' dir='ltr'>non</span> <span class='ocrx_word' id='word_1_27' title='bbox 1282 771 1371 803; x_wconf 82' lang='lat' dir='ltr'>tota</span> 
     </span>
     <span class='ocr_line' id='line_1_5' title="bbox 197 825 1369 877; baseline 0.002 -15"><span class='ocrx_word' id='word_1_28' title='bbox 197 825 315 862; x_wconf 85' lang='lat' dir='ltr'>Italia</span> <span class='ocrx_word' id='word_1_29' title='bbox 351 839 425 863; x_wconf 90' lang='lat' dir='ltr'>nec</span> <span class='ocrx_word' id='word_1_30' title='bbox 462 839 533 876; x_wconf 91' lang='lat' dir='ltr'>per</span> <span class='ocrx_word' id='word_1_31' title='bbox 572 826 774 876; x_wconf 72' lang='lat' dir='ltr'>Illyricum</span> <span class='ocrx_word' id='word_1_32' title='bbox 812 826 1011 863; x_wconf 78' lang='lat' dir='ltr'>Galliasve</span> <span class='ocrx_word' id='word_1_33' title='bbox 1050 833 1120 864; x_wconf 84' lang='lat' dir='ltr'>aut</span> <span class='ocrx_word' id='word_1_34' title='bbox 1157 827 1369 877; x_wconf 83' lang='lat' dir='ltr'>Hispanias</span> 
     </span>
     <span class='ocr_line' id='line_1_6' title="bbox 195 887 1369 938; baseline 0.002 -15"><span class='ocrx_word' id='word_1_35' title='bbox 195 900 341 937; x_wconf 84' lang='lat' dir='ltr'>magno</span> <span class='ocrx_word' id='word_1_36' title='bbox 367 901 487 937; x_wconf 89' lang='lat' dir='ltr'>opere</span> <span class='ocrx_word' id='word_1_37' title='bbox 512 894 691 938; x_wconf 76' lang='lat' dir='ltr'>vagatos,</span> <span class='ocrx_word' id='word_1_38' title='bbox 718 894 787 924; x_wconf 86' lang='lat' dir='ltr'>aut</span> <span class='ocrx_word' id='word_1_39' title='bbox 812 887 905 924; x_wconf 90' lang='lat' dir='ltr'>alibi</span> <span class='ocrx_word' id='word_1_40' title='bbox 931 901 1051 938; x_wconf 88' lang='lat' dir='ltr'>quam</span> <span class='ocrx_word' id='word_1_41' title='bbox 1076 888 1227 925; x_wconf 81' lang='lat' dir='ltr'>Romae</span> <span class='ocrx_word' id='word_1_42' title='bbox 1251 891 1369 925; x_wconf 87' lang='lat' dir='ltr'>circa-</span> 
     </span>
     <span class='ocr_line' id='line_1_7' title="bbox 195 949 1369 999; baseline 0.001 -14"><span class='ocrx_word' id='word_1_43' title='bbox 195 961 287 998; x_wconf 90' lang='lat' dir='ltr'>que,</span> <span class='ocrx_word' id='word_1_44' title='bbox 312 952 395 986; x_wconf 89' lang='lat' dir='ltr'>sine</span> <span class='ocrx_word' id='word_1_45' title='bbox 419 949 555 986; x_wconf 88' lang='lat' dir='ltr'>dolore</span> <span class='ocrx_word' id='word_1_46' title='bbox 580 949 743 999; x_wconf 90' lang='lat' dir='ltr'>quidem</span> <span class='ocrx_word' id='word_1_47' title='bbox 765 949 851 986; x_wconf 90' lang='lat' dir='ltr'>illos</span> <span class='ocrx_word' id='word_1_48' title='bbox 877 963 921 986; x_wconf 90' lang='lat' dir='ltr'>ac</span> <span class='ocrx_word' id='word_1_49' title='bbox 944 952 1028 986; x_wconf 87' lang='lat' dir='ltr'>sine</span> <span class='ocrx_word' id='word_1_50' title='bbox 1052 952 1225 999; x_wconf 78' lang='lat' dir='ltr'>pernicie</span> <span class='ocrx_word' id='word_1_51' title='bbox 1250 952 1369 993; x_wconf 84' lang='lat' dir='ltr'>vitae,</span> 
     </span>
     <span class='ocr_line' id='line_1_8' title="bbox 195 1009 1370 1061; baseline 0.001 -15"><span class='ocrx_word' id='word_1_52' title='bbox 195 1010 265 1046; x_wconf 92' lang='lat' dir='ltr'>sed</span> <span class='ocrx_word' id='word_1_53' title='bbox 306 1017 423 1047; x_wconf 80' lang='lat' dir='ltr'>tanta</span> <span class='ocrx_word' id='word_1_54' title='bbox 464 1009 660 1048; x_wconf 87' lang='lat' dir='ltr'>foeditate</span> <span class='ocrx_word' id='word_1_55' title='bbox 708 1017 754 1048; x_wconf 85' lang='lat' dir='ltr'>ut</span> <span class='ocrx_word' id='word_1_56' title='bbox 795 1024 1071 1061; x_wconf 86' lang='lat' dir='ltr'>quaecumque</span> <span class='ocrx_word' id='word_1_57' title='bbox 1113 1025 1216 1048; x_wconf 90' lang='lat' dir='ltr'>mors</span> <span class='ocrx_word' id='word_1_58' title='bbox 1257 1024 1370 1061; x_wconf 89' lang='lat' dir='ltr'>prae-</span> 
     </span>
     <span class='ocr_line' id='line_1_9' title="bbox 194 1070 496 1109; baseline 0.007 -2"><span class='ocrx_word' id='word_1_59' title='bbox 194 1070 360 1108; x_wconf 89' lang='lat' dir='ltr'>ferenda</span> <span class='ocrx_word' id='word_1_60' title='bbox 379 1078 496 1109; x_wconf 84' lang='lat' dir='ltr'>esset.</span> 
     </span>
    </p>

    <p class='ocr_par' dir='ltr' id='par_1_3' title="bbox 155 1133 1370 1600">
     <span class='ocr_line' id='line_1_10' title="bbox 155 1133 1369 1184; baseline 0.002 -16"><span class='ocrx_word' id='word_1_61' title='bbox 155 1137 174 1167; x_wconf 86' lang='lat'><strong><em>2</em></strong></span> <span class='ocrx_word' id='word_1_62' title='bbox 247 1133 299 1169; x_wconf 95' lang='lat' dir='ltr'>II.</span> <span class='ocrx_word' id='word_1_63' title='bbox 331 1133 616 1170; x_wconf 76' lang='lat' dir='ltr'>Gravissimum</span> <span class='ocrx_word' id='word_1_64' title='bbox 671 1147 721 1170; x_wconf 84' lang='lat' dir='ltr'>ex</span> <span class='ocrx_word' id='word_1_65' title='bbox 774 1133 833 1170; x_wconf 87' lang='lat' dir='ltr'>his</span> <span class='ocrx_word' id='word_1_66' title='bbox 888 1133 1062 1170; x_wconf 81' lang='lat' dir='ltr'>lichenas</span> <span class='ocrx_word' id='word_1_67' title='bbox 1117 1133 1369 1184; x_wconf 83' lang='lat' dir='ltr'>appellavere</span> 
     </span>
     <span class='ocr_line' id='line_1_11' title="bbox 197 1194 1369 1245; baseline 0.001 -14"><span class='ocrx_word' id='word_1_68' title='bbox 197 1194 350 1232; x_wconf 90' lang='lat' dir='ltr'>Graeco</span> <span class='ocrx_word' id='word_1_69' title='bbox 392 1198 566 1239; x_wconf 89' lang='lat' dir='ltr'>nomine,</span> <span class='ocrx_word' id='word_1_70' title='bbox 610 1195 769 1239; x_wconf 78' lang='lat' dir='ltr'>Latine,</span> <span class='ocrx_word' id='word_1_71' title='bbox 812 1198 1000 1245; x_wconf 89' lang='lat' dir='ltr'>quoniam</span> <span class='ocrx_word' id='word_1_72' title='bbox 1042 1209 1065 1231; x_wconf 91' lang='lat' dir='ltr'>a</span> <span class='ocrx_word' id='word_1_73' title='bbox 1105 1201 1243 1232; x_wconf 87' lang='lat' dir='ltr'>mento</span> <span class='ocrx_word' id='word_1_74' title='bbox 1285 1194 1369 1232; x_wconf 90' lang='lat' dir='ltr'>fere</span> 
     </span>
     <span class='ocr_line' id='line_1_12' title="bbox 193 1257 1369 1306; baseline 0.001 -14"><span class='ocrx_word' id='word_1_75' title='bbox 193 1257 409 1300; x_wconf 83' lang='lat' dir='ltr'>oriebatur,</span> <span class='ocrx_word' id='word_1_76' title='bbox 443 1257 603 1294; x_wconf 84' lang='lat' dir='ltr'>ioculari</span> <span class='ocrx_word' id='word_1_77' title='bbox 638 1260 809 1306; x_wconf 88' lang='lat' dir='ltr'>primum</span> <span class='ocrx_word' id='word_1_78' title='bbox 843 1257 1014 1300; x_wconf 82' lang='lat' dir='ltr'>lascivia,</span> <span class='ocrx_word' id='word_1_79' title='bbox 1049 1263 1094 1294; x_wconf 84' lang='lat' dir='ltr'>ut</span> <span class='ocrx_word' id='word_1_80' title='bbox 1129 1263 1190 1294; x_wconf 87' lang='lat' dir='ltr'>est</span> <span class='ocrx_word' id='word_1_81' title='bbox 1223 1270 1369 1306; x_wconf 82' lang='lat' dir='ltr'>procax</span> 
     </span>
     <span class='ocr_line' id='line_1_13' title="bbox 192 1318 1370 1368; baseline 0 -14"><span class='ocrx_word' id='word_1_82' title='bbox 192 1318 409 1354; x_wconf 83' lang='lat' dir='ltr'>multorum</span> <span class='ocrx_word' id='word_1_83' title='bbox 425 1324 568 1355; x_wconf 82' lang='lat' dir='ltr'>natura</span> <span class='ocrx_word' id='word_1_84' title='bbox 586 1321 627 1354; x_wconf 88' lang='lat' dir='ltr'>in</span> <span class='ocrx_word' id='word_1_85' title='bbox 648 1318 784 1355; x_wconf 89' lang='lat' dir='ltr'>alienis</span> <span class='ocrx_word' id='word_1_86' title='bbox 804 1321 984 1362; x_wconf 85' lang='lat' dir='ltr'>miseriis,</span> <span class='ocrx_word' id='word_1_87' title='bbox 1004 1332 1095 1355; x_wconf 75' lang='lat' dir='ltr'>mox</span> <span class='ocrx_word' id='word_1_88' title='bbox 1118 1324 1159 1355; x_wconf 84' lang='lat' dir='ltr'>et</span> <span class='ocrx_word' id='word_1_89' title='bbox 1179 1324 1370 1368; x_wconf 81' lang='lat' dir='ltr'>usurpato</span> 
     </span>
     <span class='ocr_line' id='line_1_14' title="bbox 193 1379 1369 1430; baseline 0.001 -15"><span class='ocrx_word' id='word_1_90' title='bbox 193 1379 384 1416; x_wconf 77' lang='lat' dir='ltr'>vocabulo</span> <span class='ocrx_word' id='word_1_91' title='bbox 412 1386 678 1430; x_wconf 84' lang='lat' dir='ltr'>mentagram,</span> <span class='ocrx_word' id='word_1_92' title='bbox 707 1385 970 1429; x_wconf 79' lang='lat' dir='ltr'>occupantem</span> <span class='ocrx_word' id='word_1_93' title='bbox 998 1380 1133 1416; x_wconf 82' lang='lat' dir='ltr'>multis</span> <span class='ocrx_word' id='word_1_94' title='bbox 1162 1386 1204 1416; x_wconf 89' lang='lat' dir='ltr'>et</span> <span class='ocrx_word' id='word_1_95' title='bbox 1231 1386 1337 1416; x_wconf 81' lang='lat' dir='ltr'>totos</span> <span class='ocrx_word' id='word_1_96' title='bbox 1354 1380 1369 1404; x_wconf 92' lang='lat'>1</span> 
     </span>
     <span class='ocr_line' id='line_1_15' title="bbox 192 1441 1369 1490; baseline 0.001 -14"><span class='ocrx_word' id='word_1_97' title='bbox 192 1443 332 1490; x_wconf 83' lang='lat' dir='ltr'>utique</span> <span class='ocrx_word' id='word_1_98' title='bbox 358 1441 501 1486; x_wconf 77' lang='lat' dir='ltr'>voltus,</span> <span class='ocrx_word' id='word_1_99' title='bbox 527 1441 648 1478; x_wconf 87' lang='lat' dir='ltr'>oculis</span> <span class='ocrx_word' id='word_1_100' title='bbox 674 1447 834 1478; x_wconf 83' lang='lat' dir='ltr'>tantum</span> <span class='ocrx_word' id='word_1_101' title='bbox 858 1442 1099 1484; x_wconf 85' lang='lat' dir='ltr'>inmunibus,</span> <span class='ocrx_word' id='word_1_102' title='bbox 1125 1441 1369 1477; x_wconf 90' lang='lat' dir='ltr'>descenden-</span> 
     </span>
     <span class='ocr_line' id='line_1_16' title="bbox 192 1501 1368 1553; baseline 0.001 -15"><span class='ocrx_word' id='word_1_103' title='bbox 192 1507 276 1538; x_wconf 79' lang='lat' dir='ltr'>tem</span> <span class='ocrx_word' id='word_1_104' title='bbox 301 1515 392 1539; x_wconf 81' lang='lat' dir='ltr'>vero</span> <span class='ocrx_word' id='word_1_105' title='bbox 414 1509 455 1540; x_wconf 85' lang='lat' dir='ltr'>et</span> <span class='ocrx_word' id='word_1_106' title='bbox 478 1506 518 1539; x_wconf 90' lang='lat' dir='ltr'>in</span> <span class='ocrx_word' id='word_1_107' title='bbox 537 1503 639 1539; x_wconf 85' lang='lat' dir='ltr'>colla</span> <span class='ocrx_word' id='word_1_108' title='bbox 662 1509 883 1553; x_wconf 82' lang='lat' dir='ltr'>pectusque</span> <span class='ocrx_word' id='word_1_109' title='bbox 904 1516 948 1539; x_wconf 87' lang='lat' dir='ltr'>ac</span> <span class='ocrx_word' id='word_1_110' title='bbox 970 1516 1108 1539; x_wconf 89' lang='lat' dir='ltr'>manus</span> <span class='ocrx_word' id='word_1_111' title='bbox 1130 1501 1247 1539; x_wconf 88' lang='lat' dir='ltr'>foedo</span> <span class='ocrx_word' id='word_1_112' title='bbox 1267 1505 1368 1539; x_wconf 85' lang='lat' dir='ltr'>cutis</span> 
     </span>
     <span class='ocr_line' id='line_1_17' title="bbox 192 1563 355 1600; baseline 0.006 -1"><span class='ocrx_word' id='word_1_113' title='bbox 192 1563 355 1600; x_wconf 85' lang='lat' dir='ltr'>furfure.</span> 
     </span>
    </p>
   </div>
   <div class='ocr_carea' id='block_1_3' title="bbox 195 1659 1368 1786">
    <p class='ocr_par' dir='ltr' id='par_1_4' title="bbox 195 1659 1368 1786">
     <span class='ocr_line' id='line_1_18' title="bbox 242 1659 1368 1700; baseline 0 -10"><span class='ocrx_word' id='word_1_114' title='bbox 242 1661 252 1678; x_wconf 84' lang='lat'>¹</span> <span class='ocrx_word' id='word_1_115' title='bbox 276 1664 311 1690; x_wconf 79' lang='lat' dir='ltr'>et</span> <span class='ocrx_word' id='word_1_116' title='bbox 334 1664 427 1691; x_wconf 86' lang='lat' dir='ltr'>totos</span> <span class='ocrx_word' id='word_1_117' title='bbox 454 1660 548 1700; x_wconf 63' lang='lat' dir='ltr'>wlq„</span> <span class='ocrx_word' id='word_1_118' title='bbox 573 1659 759 1700; x_wconf 75' lang='lat' dir='ltr'>Detlessen:</span> <span class='ocrx_word' id='word_1_119' title='bbox 796 1664 831 1691; x_wconf 86' lang='lat' dir='ltr'>et</span> <span class='ocrx_word' id='word_1_120' title='bbox 855 1660 957 1690; x_wconf 88' lang='lat' dir='ltr'>latius</span> <span class='ocrx_word' id='word_1_121' title='bbox 980 1663 1074 1690; x_wconf 84' lang='lat' dir='ltr'>totos</span> <span class='ocrx_word' id='word_1_122' title='bbox 1098 1659 1272 1700; x_wconf 72' lang='lat' dir='ltr'>Mayhoff:</span> <span class='ocrx_word' id='word_1_123' title='bbox 1307 1669 1368 1699; x_wconf 82' lang='lat' dir='ltr'>pro</span> 
     </span>
     <span class='ocr_line' id='line_1_19' title="bbox 195 1701 1367 1739; baseline 0 -7"><span class='ocrx_word' id='word_1_124' title='bbox 195 1702 297 1733; x_wconf 87' lang='lat' dir='ltr'>latius</span> <span class='ocrx_word' id='word_1_125' title='bbox 317 1703 353 1733; x_wconf 84' lang='lat' dir='ltr'>in</span> <span class='ocrx_word' id='word_1_126' title='bbox 369 1703 459 1734; x_wconf 77' lang='lat' dir='ltr'>codd.</span> <span class='ocrx_word' id='word_1_127' title='bbox 480 1703 669 1734; x_wconf 75' lang='lat' dir='ltr'>invenimus</span> <span class='ocrx_word' id='word_1_128' title='bbox 688 1704 782 1734; x_wconf 87' lang='lat' dir='ltr'>intus</span> <span class='ocrx_word' id='word_1_129' title='bbox 802 1702 956 1739; x_wconf 75' lang='lat' dir='ltr'>V’Rde,</span> <span class='ocrx_word' id='word_1_130' title='bbox 976 1703 1123 1733; x_wconf 79' lang='lat' dir='ltr'>intuitus</span> <span class='ocrx_word' id='word_1_131' title='bbox 1142 1703 1170 1733; x_wconf 84' lang='lat' dir='ltr'>E</span> <span class='ocrx_word' id='word_1_132' title='bbox 1189 1702 1257 1733; x_wconf 82' lang='lat' dir='ltr'>cod.</span> <span class='ocrx_word' id='word_1_133' title='bbox 1278 1701 1367 1739; x_wconf 70' lang='lat' dir='ltr'>Dal„</span> 
     </span>
     <span class='ocr_line' id='line_1_20' title="bbox 195 1745 1310 1786; baseline 0 -10"><span class='ocrx_word' id='word_1_134' title='bbox 195 1746 329 1776; x_wconf 83' lang='lat' dir='ltr'>intutus</span> <span class='ocrx_word' id='word_1_135' title='bbox 344 1745 399 1777; x_wconf 80' lang='lat' dir='ltr'>V2.</span> <span class='ocrx_word' id='word_1_136' title='bbox 446 1745 604 1786; x_wconf 74' lang='lat' dir='ltr'>Mayhoff</span> <span class='ocrx_word' id='word_1_137' title='bbox 614 1746 781 1777; x_wconf 82' lang='lat' dir='ltr'>intentius</span> <span class='ocrx_word' id='word_1_138' title='bbox 795 1745 880 1777; x_wconf 72' lang='lat' dir='ltr'>coni.</span> <span class='ocrx_word' id='word_1_139' title='bbox 898 1758 905 1777; x_wconf 73' lang='grc' dir='ltr'><strong><em>ε</em></strong></span> <span class='ocrx_word' id='word_1_140' title='bbox 934 1756 988 1785; x_wconf 71' lang='lat'>690</span> <span class='ocrx_word' id='word_1_141' title='bbox 1003 1746 1169 1776; x_wconf 88' lang='lat' dir='ltr'>intensius</span> <span class='ocrx_word' id='word_1_142' title='bbox 1182 1745 1310 1776; x_wconf 73' lang='lat' dir='ltr'>malim.</span> 
     </span>
    </p>
   </div>
   <div class='ocr_carea' id='block_1_4' title="bbox 193 1886 1369 2100">
    <p class='ocr_par' dir='ltr' id='par_1_5' title="bbox 193 1886 1369 2100">
     <span class='ocr_line' id='line_1_21' title="bbox 238 1886 1369 1928; baseline -0.002 -9"><span class='ocrx_word' id='word_1_143' title='bbox 238 1892 253 1907; x_wconf 76' lang='lat'>⁰</span> <span class='ocrx_word' id='word_1_144' title='bbox 275 1887 406 1924; x_wconf 61' lang='lat' dir='ltr'>[sichem</span> <span class='ocrx_word' id='word_1_145' title='bbox 427 1888 513 1919; x_wconf 82' lang='lat' dir='ltr'>from</span> <span class='ocrx_word' id='word_1_146' title='bbox 528 1887 587 1919; x_wconf 83' lang='lat' dir='ltr'>the</span> <span class='ocrx_word' id='word_1_147' title='bbox 603 1887 710 1919; x_wconf 84' lang='lat' dir='ltr'>Greek</span> <span class='ocrx_word' id='word_1_148' title='bbox 731 1887 850 1928; x_wconf 67' lang='grc' dir='ltr'>λείχην,</span> <span class='ocrx_word' id='word_1_149' title='bbox 871 1888 898 1918; x_wconf 83' lang='lat' dir='ltr'>is</span> <span class='ocrx_word' id='word_1_150' title='bbox 918 1888 951 1918; x_wconf 93' lang='lat' dir='ltr'>in</span> <span class='ocrx_word' id='word_1_151' title='bbox 972 1888 1016 1918; x_wconf 82' lang='lat' dir='ltr'>its</span> <span class='ocrx_word' id='word_1_152' title='bbox 1035 1887 1176 1918; x_wconf 88' lang='lat' dir='ltr'>medical</span> <span class='ocrx_word' id='word_1_153' title='bbox 1197 1897 1292 1918; x_wconf 85' lang='lat' dir='ltr'>sense</span> <span class='ocrx_word' id='word_1_154' title='bbox 1311 1886 1369 1918; x_wconf 81' lang='lat' dir='ltr'>the</span> 
     </span>
     <span class='ocr_line' id='line_1_22' title="bbox 193 1930 1369 1971; baseline -0.002 -9"><span class='ocrx_word' id='word_1_155' title='bbox 193 1931 325 1971; x_wconf 82' lang='lat' dir='ltr'>despair</span> <span class='ocrx_word' id='word_1_156' title='bbox 341 1931 379 1962; x_wconf 84' lang='lat' dir='ltr'>of</span> <span class='ocrx_word' id='word_1_157' title='bbox 389 1931 448 1962; x_wconf 80' lang='lat' dir='ltr'>the</span> <span class='ocrx_word' id='word_1_158' title='bbox 463 1930 605 1962; x_wconf 82' lang='lat' dir='ltr'>medical</span> <span class='ocrx_word' id='word_1_159' title='bbox 620 1931 792 1961; x_wconf 84' lang='lat' dir='ltr'>historian.</span> <span class='ocrx_word' id='word_1_160' title='bbox 839 1930 919 1961; x_wconf 85' lang='lat' dir='ltr'>Skin</span> <span class='ocrx_word' id='word_1_161' title='bbox 936 1930 1080 1961; x_wconf 84' lang='lat' dir='ltr'>diseases</span> <span class='ocrx_word' id='word_1_162' title='bbox 1093 1940 1149 1960; x_wconf 90' lang='lat' dir='ltr'>are</span> <span class='ocrx_word' id='word_1_163' title='bbox 1164 1940 1248 1960; x_wconf 84' lang='lat' dir='ltr'>even</span> <span class='ocrx_word' id='word_1_164' title='bbox 1263 1930 1369 1970; x_wconf 72' lang='lat' dir='ltr'>today</span> 
     </span>
     <span class='ocr_line' id='line_1_23' title="bbox 193 1972 1369 2014; baseline -0.002 -10"><span class='ocrx_word' id='word_1_165' title='bbox 193 1973 278 2004; x_wconf 89' lang='lat' dir='ltr'>hard</span> <span class='ocrx_word' id='word_1_166' title='bbox 292 1978 329 2005; x_wconf 87' lang='lat' dir='ltr'>to</span> <span class='ocrx_word' id='word_1_167' title='bbox 345 1974 521 2014; x_wconf 81' lang='lat' dir='ltr'>diagnose;</span> <span class='ocrx_word' id='word_1_168' title='bbox 550 1974 583 2005; x_wconf 88' lang='lat' dir='ltr'>in</span> <span class='ocrx_word' id='word_1_169' title='bbox 599 1975 733 2004; x_wconf 85' lang='lat' dir='ltr'>ancient</span> <span class='ocrx_word' id='word_1_170' title='bbox 748 1974 847 2004; x_wconf 83' lang='lat' dir='ltr'>times</span> <span class='ocrx_word' id='word_1_171' title='bbox 861 1974 889 2003; x_wconf 80' lang='lat' dir='ltr'>it</span> <span class='ocrx_word' id='word_1_172' title='bbox 902 1983 971 2004; x_wconf 82' lang='lat' dir='ltr'>was</span> <span class='ocrx_word' id='word_1_173' title='bbox 986 1973 1052 2004; x_wconf 85' lang='lat' dir='ltr'>still</span> <span class='ocrx_word' id='word_1_174' title='bbox 1068 1972 1204 2009; x_wconf 85' lang='lat' dir='ltr'>harder;</span> <span class='ocrx_word' id='word_1_175' title='bbox 1233 1972 1369 2003; x_wconf 86' lang='lat' dir='ltr'>hardest</span> 
     </span>
     <span class='ocr_line' id='line_1_24' title="bbox 193 2015 1369 2056; baseline -0.002 -9"><span class='ocrx_word' id='word_1_176' title='bbox 193 2017 232 2047; x_wconf 81' lang='lat' dir='ltr'>of</span> <span class='ocrx_word' id='word_1_177' title='bbox 259 2016 303 2047; x_wconf 88' lang='lat' dir='ltr'>all</span> <span class='ocrx_word' id='word_1_178' title='bbox 333 2018 360 2047; x_wconf 90' lang='lat' dir='ltr'>is</span> <span class='ocrx_word' id='word_1_179' title='bbox 391 2018 418 2047; x_wconf 82' lang='lat' dir='ltr'>it</span> <span class='ocrx_word' id='word_1_180' title='bbox 449 2021 486 2047; x_wconf 90' lang='lat' dir='ltr'>to</span> <span class='ocrx_word' id='word_1_181' title='bbox 516 2016 726 2047; x_wconf 83' lang='lat' dir='ltr'>understand</span> <span class='ocrx_word' id='word_1_182' title='bbox 755 2026 830 2047; x_wconf 81' lang='lat' dir='ltr'>now</span> <span class='ocrx_word' id='word_1_183' title='bbox 861 2017 995 2047; x_wconf 85' lang='lat' dir='ltr'>ancient</span> <span class='ocrx_word' id='word_1_184' title='bbox 1027 2016 1203 2056; x_wconf 77' lang='lat' dir='ltr'>diagnosis.</span> <span class='ocrx_word' id='word_1_185' title='bbox 1248 2015 1369 2045; x_wconf 78' lang='lat' dir='ltr'>Lichen</span> 
     </span>
     <span class='ocr_line' id='line_1_25' title="bbox 193 2057 1367 2100; baseline -0.002 -10"><span class='ocrx_word' id='word_1_186' title='bbox 193 2059 349 2090; x_wconf 85' lang='lat' dir='ltr'>included</span> <span class='ocrx_word' id='word_1_187' title='bbox 365 2060 541 2100; x_wconf 78' lang='lat' dir='ltr'>ringworm</span> <span class='ocrx_word' id='word_1_188' title='bbox 558 2059 625 2090; x_wconf 85' lang='lat' dir='ltr'>and</span> <span class='ocrx_word' id='word_1_189' title='bbox 640 2069 743 2100; x_wconf 76' lang='lat' dir='ltr'>many</span> <span class='ocrx_word' id='word_1_190' title='bbox 760 2058 858 2089; x_wconf 81' lang='lat' dir='ltr'>kinds</span> <span class='ocrx_word' id='word_1_191' title='bbox 873 2058 911 2089; x_wconf 86' lang='lat' dir='ltr'>of</span> <span class='ocrx_word' id='word_1_192' title='bbox 923 2069 1064 2095; x_wconf 84' lang='lat' dir='ltr'>eczema,</span> <span class='ocrx_word' id='word_1_193' title='bbox 1081 2057 1257 2099; x_wconf 84' lang='lat' dir='ltr'>especially</span> <span class='ocrx_word' id='word_1_194' title='bbox 1272 2057 1367 2089; x_wconf 80' lang='lat' dir='ltr'>when</span> 
     </span>
    </p>
   </div>
   <div class='ocr_carea' id='block_1_5' title="bbox 195 2121 265 2165">
    <p class='ocr_par' dir='ltr' id='par_1_6' title="bbox 195 2121 265 2165">
     <span class='ocr_line' id='line_1_26' title="bbox 195 2121 265 2165; baseline 0 -9"><span class='ocrx_word' id='word_1_195' title='bbox 195 2121 265 2165; x_wconf 78' lang='lat'>264</span> 
     </span>
    </p>
   </div>
  </div>
 </body>
</html>
