1459 2288
120 271 159 301 67

119 578 160 608 68

124 946 165 976 69

123 1499 164 1529 70

387 162 583 199 PLINY:
629 163 893 200 NATURAL
927 162 1163 200 HISTORY

184 266 234 302 de
253 265 561 316 chrysolachano
579 279 652 303 nec
671 268 765 302 satis
783 265 859 302 dici
879 269 956 302 scio
975 279 1047 302 nec
1065 266 1179 315 plura
1196 268 1364 315 reperio,

187 340 359 376 namque
385 333 426 364 et
450 327 524 363 hoc
549 330 644 364 vitio
667 327 896 364 laboravere
921 330 1089 376 proximi
1113 329 1253 376 utique
1277 326 1364 362 her-

185 389 283 425 barii
306 391 443 432 nostri,
467 389 572 438 quod
595 391 686 438 ipsis
710 395 823 425 notas
847 389 969 425 veluti
994 389 1174 438 vulgares
1197 390 1365 424 strictim

187 457 229 487 et
257 450 480 486 nominibus
510 456 669 486 tantum
697 450 935 493 indicavere,
964 456 1171 499 tamquam
1199 449 1365 499 coagulo

187 518 317 548 terrae
337 511 470 547 alvum
490 514 587 555 sisti,
608 514 873 561 stranguriam
893 511 1066 554 dissolvi,
1086 514 1116 547 si
1136 511 1296 547 bibatur
1317 523 1365 546 ex

184 586 287 622 aqua
312 579 382 609 aut
405 575 508 616 vino,
533 572 676 608 XLIV.
703 572 845 609 cuculli
860 573 874 595 1
899 571 994 609 folia
1017 575 1113 609 trita
1136 585 1226 608 cum
1251 577 1365 608 aceto

187 637 434 684 serpentium
463 635 605 670 ictibus
636 640 677 671 et
707 637 956 683 scorpionum
986 633 1148 670 mederi.
1204 633 1366 682 quidam

186 695 287 731 hanc
322 695 398 732 alio
433 698 592 731 nomine
627 701 822 732 strumum
858 695 1078 744 appellant,
1113 694 1177 731 alii
1214 694 1366 731 Graece

187 757 432 807 strychnum,
454 760 584 793 acinos
604 756 727 793 habet
748 759 891 806 nigros.
948 769 997 793 ex
1016 756 1075 792 his
1096 755 1264 806 cyathus
1284 758 1365 792 suci

187 832 276 855 cum
293 818 408 854 mulsi
425 818 579 855 duobus
596 818 781 854 medetur
798 818 954 861 lumbis,
971 821 1069 854 item
1085 820 1225 866 capitis
1242 816 1365 853 dolori

187 893 277 916 cum
295 893 455 916 rosaceo
473 879 638 923 infusus,
657 883 742 928 ipsa
761 885 936 915 strumae
951 879 965 902 ²
984 878 1108 915 inlita.

239 941 361 977 XLV.
391 940 603 978 Peculiaris
641 947 702 977 est
739 941 892 990 Alpinis
930 943 1102 977 maxime
1140 939 1366 976 fluminibus

188 1002 374 1039 conferva
428 1002 632 1052 appellata
686 1016 710 1038 a
763 1001 1130 1044 conferuminando‚
1188 1014 1367 1051 spongea

187 1077 380 1113 aquarum
413 1063 588 1100 dulcium
621 1067 749 1099 verius
783 1077 903 1113 quam
936 1076 1092 1099 muscus
1126 1068 1196 1099 aut
1226 1062 1364 1105 herba,

188 1125 348 1162 villosae
371 1125 579 1162 densitatis
603 1131 725 1174 atque
748 1124 961 1161 fistulosae.
1016 1130 1198 1161 curatum
1221 1137 1269 1160 ea
1289 1126 1368 1160 scio

188 1187 368 1223 omnibus
392 1186 475 1223 fere
499 1187 648 1223 ossibus
672 1185 880 1223 confractis
904 1186 1132 1235 prolapsum
1155 1199 1204 1222 ex
1228 1185 1367 1222 arbore

189 1248 270 1284 alta
294 1255 536 1298 putatorem,
561 1247 805 1284 circumdata
828 1250 1010 1284 universo
1034 1249 1199 1296 corpori,
1223 1260 1368 1296 aquam

189 1323 299 1346 suam
335 1310 666 1359 adspergentibus
699 1312 882 1358 quotiens
914 1312 1168 1351 inaresceret,
1198 1320 1367 1357 raroque

189 1384 261 1408 nec
286 1374 358 1407 nisi
383 1371 637 1408 deficientem
661 1370 826 1407 herbam
851 1373 1083 1406 mutationis
1108 1383 1226 1406 causa
1250 1368 1369 1406 resol-

190 1433 388 1475 ventibus,
407 1432 651 1469 convaluisse
671 1435 734 1468 vix
753 1431 931 1468 credibili
950 1431 1168 1468 celeritate.

239 1494 382 1530 XLVI.
404 1493 530 1530 Cocco
554 1493 695 1530 Cnidio
718 1493 824 1529 color
847 1496 964 1536 cocci,
988 1492 1224 1542 magnitudo
1246 1505 1369 1542 grano

190 1558 333 1605 piperis
357 1558 494 1599 maior,
518 1558 572 1591 vis
597 1555 750 1591 ardens.
806 1557 942 1603 itaque
965 1557 1005 1590 in
1028 1567 1130 1603 pane
1154 1554 1369 1590 devoratur

191 1630 240 1653 ne
266 1617 409 1654 adurat
434 1617 569 1667 gulam
595 1619 778 1653 transitu.
834 1619 888 1652 vis
915 1621 1207 1665 praesentanea
1231 1621 1370 1652 contra

191 1681 375 1721 cicutam,
394 1681 497 1715 sistit
514 1678 658 1714 alvum.

244 1764 254 1782 ¹
279 1762 400 1795 cuculli
432 1764 516 1794 coni.
550 1762 725 1802 Detlefsen,
760 1773 854 1802 quem
885 1762 1031 1802 sequitur
1063 1761 1238 1802 Blayhoff:
1283 1762 1370 1792 aliae

198 1807 397 1837 coniecturae
412 1810 490 1837 sunt
507 1805 661 1837 cucubali
678 1809 707 1836 et
724 1805 875 1837 cacubali
891 1817 898 1836 :
930 1804 1038 1836 cuculi
1054 1809 1112 1835 aut
1129 1804 1263 1836 culicuh'
1279 1804 1368 1836 codd.

241 1850 253 1868 ²
276 1854 426 1880 strumae
444 1849 562 1885 Ianus,
581 1848 739 1888 Mayleoff
750 1861 756 1879 :
788 1852 921 1879 struma
938 1847 1041 1884 codd„
1059 1847 1233 1888 Detlessen.

326 1986 340 2000 ‘³
363 1982 419 2018 Or,
440 1982 458 1993 “
473 1985 597 2013 arrests
614 1980 826 2016 diarrhoea‚’'
846 1979 864 1992 “
880 1980 979 2011 binds
995 1980 1055 2011 the
1072 1979 1230 2012 bowels.”

328 2024 340 2043 ὸ
363 2024 536 2065 Literally,
558 2023 577 2035 ‘⁶
593 2034 688 2055 cures
705 2023 922 2064 strangury.”

191 2099 262 2135 430
