1459 2288
132 603 192 632 164

419 175 614 213 PLINY:
659 176 923 214 NATURAL
956 177 1192 214 HISTORY

220 291 322 327 quae
347 291 439 314 vero
467 284 615 314 mastos
636 285 798 315 vocatur
826 279 950 315 inlita.
1005 279 1103 328 pilos
1132 292 1393 316 mammarum

220 337 335 381 partu
366 332 605 374 nascentes}
634 338 760 369 testas
788 335 828 368 in
856 331 956 368 facie
986 332 1141 382 aliaque
1170 335 1270 369 cutis
1298 335 1395 369 vitia

221 385 410 421 emendat
436 387 640 434 gentiana,
666 385 893 435 nymphaea
918 385 1090 422 heraclia
1114 385 1242 429 inlita,
1269 386 1394 436 cycla-

219 441 314 474 mini
346 438 456 474 radix
486 438 660 475 maculas
690 452 838 475 omnes.
894 439 1086 475 caccaliae
1115 452 1240 488 grana
1268 442 1395 476 mixta

220 504 334 527 cerae
354 491 527 540 liquidae
549 492 776 529 extendunt
795 498 929 528 cutem
949 495 989 528 in
1010 491 1109 529 facie
1131 498 1394 542 erugantque‚

220 547 315 581 vitia
335 548 466 581 omnia
485 548 588 581 acori
606 546 718 582 radix
739 545 940 582 emendat.

269 597 417 634 XCIII.
447 598 643 647 Capillum
707 599 853 649 lycium
918 612 1010 635 suco
1025 598 1040 621 2
1105 598 1251 635 flavum
1284 598 1392 642 facit,

219 650 404 701 denigrat
425 651 657 701 hypericum
680 652 786 701 quod
814 658 855 689 et
882 655 1068 689 corissum
1095 658 1271 695 vocatur,
1297 654 1395 688 item

219 704 364 754 ophrys
389 704 513 741 herba
537 705 783 742 denticulato
807 706 902 742 oleri
927 705 1076 749 similis,
1099 704 1202 742 foliis
1226 705 1392 742 duobus.

219 761 420 807 nigritiam
444 758 515 795 dat
540 765 582 796 et
605 759 831 808 polemonia
853 762 893 795 in
917 759 1005 796 oleo
1029 759 1205 795 decocta.
1260 758 1396 808 psilot-

218 825 305 847 rum
332 825 402 848 nos
429 812 589 861 quidem
616 815 657 848 in
682 812 940 849 muliebribus
966 812 1268 849 medicamentis
1294 818 1396 848 trac-

219 871 365 908 tamus,
384 878 521 901 verum
539 868 618 901 iam
639 872 680 902 et
698 869 787 902 viris
808 872 869 902 est
886 869 927 902 in
945 879 1030 902 usu.
1085 866 1395 902 efficacissimum

221 924 357 954 autem
379 918 551 955 habetur
573 919 823 963 archemstis,
845 922 944 956 item
966 919 1197 968 tithymalli,
1219 932 1312 955 suco
1333 918 1395 955 vel

218 974 258 1007 in
296 971 377 1008 sole
415 985 504 1008 cum
545 972 633 1009 oleo
672 972 786 1010 inlito
829 973 966 1009 crebro
1007 972 1070 1009 vel
1111 972 1250 1009 evolsis
1290 972 1391 1021 pilis.

220 1025 511 1074 quadripedum
533 1026 706 1063 scabiem
728 1032 843 1063 sanat
864 1025 1060 1076 hysopum
1083 1038 1131 1062 ex
1155 1025 1256 1068 oleo,
1278 1038 1393 1061 suum

220 1081 384 1128 anginas
431 1079 684 1128 peculiariter
731 1080 912 1116 sideritis.
968 1092 1105 1116 verum
1154 1084 1196 1116 et
1242 1078 1395 1128 reliqua

219 1145 369 1181 genera
387 1131 600 1169 herbarum
619 1133 844 1170 reddamus.

275 1227 286 1245 1
311 1230 488 1258 nascentes
503 1232 559 1258 vet.
577 1228 665 1264 Dal„
683 1228 724 1258 Μ
726 1227 840 1268 aylzoff
850 1240 856 1259 :
886 1229 1098 1259 nascentium
1113 1227 1201 1258 codd.

274 1269 286 1288 ²
309 1269 434 1310 lycium
455 1280 535 1301 suco
559 1281 574 1301 e
597 1270 785 1302 Dioscoride
808 1270 958 1309 [(λύκιον)
983 1269 1120 1310 ξανθίζει
1146 1269 1179 1300 δὲ
1201 1269 1253 1301 καὶ
1274 1268 1393 1310 τρίχας,

241 1311 258 1343 Ι
276 1313 336 1344 100
351 1313 364 1351 ξ
379 1313 412 1352 3]
429 1313 584 1354 Maylloff
594 1326 601 1344 ι
629 1313 788 1355 lysimace
804 1313 863 1346 VE
879 1327 886 1346 :
914 1313 1111 1355 lysimachia
1127 1312 1210 1353 ταῖς.

219 2107 287 2153 384
