1459 2288
378 118 571 155 PLINY:
617 118 879 155 NATURAL
913 118 1146 157 HISTORY

170 220 302 263 melle,
334 220 665 256 destillationibus
698 226 739 256 et
771 223 1100 257 sternutamentis
1133 234 1156 257 a
1186 224 1344 270 pituita.

171 280 329 315 auribus
353 278 576 315 infunditur
598 292 688 315 cum
713 292 886 322 rosaceo,
910 279 1088 316 inlinitur
1110 293 1201 316 cum
1225 281 1345 317 cera.l

171 343 286 374 sanat
318 337 506 380 lichenas,
540 337 670 373 alvum
704 337 832 379 solvit,
867 340 1139 374 excreationes
1173 342 1345 388 pectoris

171 396 333 432 adiuvat
371 395 581 445 ecligmate
621 401 690 432 aut
727 396 847 432 inlitis
885 396 1050 432 tonsillis
1087 409 1177 433 cum
1214 397 1344 434 melle.

171 457 224 490 sic
263 460 304 490 et
341 453 473 490 ulcera
509 460 668 504 purgat,
707 455 855 503 explet.
910 467 1000 490 cum
1037 467 1113 491 uva
1150 468 1265 504 passa
1303 462 1344 492 et

171 515 345 563 axungia
372 512 628 549 carbunculos
656 519 803 562 purgat
831 518 873 549 et
900 516 1173 562 putrescentia
1201 514 1346 558 ulcera,

171 585 273 621 quae
305 585 397 607 vero
428 577 593 620 serpunt
624 585 713 607 cum
746 574 863 620 pineo
894 574 1041 608 cortice
1074 577 1144 608 aut
1174 572 1345 622 sulpure.

102 635 143 666 39
176 630 380 680 phthisicis
398 630 532 680 cyathi
550 643 736 666 mensura
754 630 915 679 quidam
934 630 1134 667 dederunt
1153 636 1195 667 et
1212 637 1350 668 contra

169 694 348 725 veterem
368 691 520 725 tussim.
570 688 765 738 rhagadas
786 689 889 725 sedis
911 694 953 725 et
973 689 1122 738 pedum
1142 703 1346 739 panosque

171 753 213 783 et
238 760 391 797 ungues
417 747 574 783 scabros
602 747 804 790 emendat,
830 747 970 783 vulvae
997 747 1162 783 duritias
1190 753 1231 784 et
1257 761 1346 784 con-

170 808 381 848 versiones,
422 805 542 842 odore
582 807 680 841 item
721 805 992 855 lethargicos.2
1045 812 1216 842 strumas
1257 819 1346 843 cum

171 863 296 900 farina
322 863 545 900 hordeacea
572 869 614 900 et
640 866 751 912 pueri
779 864 936 912 inpubis
964 867 1078 900 urina
1104 864 1270 901 decocta
1297 865 1346 901 ad

170 925 496 971 suppurationem
520 922 715 971 perducit.
772 928 814 958 et
839 922 889 958 ad
914 922 1108 971 alopecias
1135 925 1236 959 sicca
1259 926 1346 972 pice

170 987 351 1024 utuntur,
392 981 443 1017 ad
482 980 693 1017 mulierum
734 994 927 1017 mammas
969 981 1126 1017 Bruttia
1167 994 1216 1017 ex
1258 984 1347 1019 vino

170 1039 463 1076 subfervefacta
478 1052 567 1075 cum
583 1039 729 1088 polline
745 1038 920 1076 farraceo
937 1053 1056 1089 quam
1072 1039 1316 1076 calidissimis
1332 1041 1347 1063 3

170 1100 361 1147 inpositis.

102 1162 143 1192 40
220 1156 367 1193 XXIV.
398 1156 569 1205 Liquida
610 1159 676 1206 pix
721 1156 933 1206 oleumque
977 1156 1084 1206 quod
1126 1157 1346 1206 pisselaeon

169 1221 311 1251 vocant
369 1215 707 1264 quemadmodum
764 1214 879 1251 fieret
933 1215 1117 1252 diximus.
1185 1216 1345 1265 quidam

169 1276 314 1310 iterum
354 1274 551 1310 decocunt
589 1279 631 1310 et
670 1279 813 1310 vocant
851 1273 1133 1323 palimpissam.
1198 1274 1347 1323 liquida

171 1335 339 1381 anginae
365 1337 644 1381 perunguntur
670 1335 788 1368 intus.
844 1332 984 1368 iuvat4
1004 1335 1158 1368 aurium
1179 1332 1346 1376 dolores,

178 1391 401 1427 claritatem
420 1391 636 1434 oculorum,
653 1393 728 1427 oris
746 1391 1066 1435 circumlitiones,
1082 1392 1346 1440 suspiriosos?

171 1449 318 1491 vulvas,
361 1452 499 1486 tussim
543 1455 722 1485 veterem
766 1455 807 1486 et
849 1450 1005 1486 crebras
1049 1452 1343 1487 exscreationes

217 1527 227 1545 ¹
251 1526 404 1557 inlinitur
435 1537 511 1557 cum
544 1529 644 1566 cera]
703 1526 791 1557 Haec
823 1527 914 1558 verba
939 1531 1008 1567 post
1040 1528 1165 1567 pituita
1197 1527 1346 1568 ponenda

175 1579 240 1600 esse
258 1574 348 1609 pata!
366 1569 526 1610 Mayhoff,
540 1569 678 1609 fortasse
694 1574 781 1600 recle.

219 1612 231 1630 2
255 1612 484 1653 lethargicos]
530 1612 584 1643 Ita
599 1612 673 1643 dist.
696 1612 834 1643 Urlichs.

221 1655 233 1672 3
255 1655 481 1694 calidissimis]
499 1655 550 1685 hic
566 1655 680 1686 linteis
697 1655 771 1685 add.
790 1655 952 1696 fllayhoff.

218 1699 230 1718 4
254 1699 350 1728 iuvat
380 1698 512 1728 aurium
537 1698 716 1740 Dellefsen:
742 1701 777 1728 et
804 1708 883 1734 uva,
914 1697 1047 1737 <oleum
1071 1699 1188 1737 iuvat>
1213 1699 1344 1729 aurium

174 1741 257 1771 coni.
278 1740 439 1780 Mayhfoff.

220 1783 232 1801 5
256 1785 456 1823 suspiriosos
472 1782 658 1814 Alexander
682 1783 875 1814 Benedictus
894 1784 1017 1823 (1507),
1039 1783 1211 1824 Mayhoff:
1237 1785 1343 1824 suspi-

175 1827 278 1857 riosas
294 1826 389 1856 multi
407 1826 495 1857 codd.

213 1939 228 1953 ⁴²
250 1934 403 1974 Mayhoff
420 1934 531 1964 would
547 1937 725 1974 transpose
743 1934 800 1965 the
816 1933 940 1965 second
957 1937 1035 1975 part
1052 1934 1091 1965 of
1102 1934 1172 1965 this
1187 1937 1345 1966 sentence

168 1981 206 2009 to
221 1977 279 2008 the
296 1977 361 2008 end
378 1977 416 2008 of
428 1977 486 2008 the
503 1977 691 2018 preceding.

172 2050 216 2085 32
