<?xml version="1.0" encoding="UTF-8"?>
<!DOCTYPE html PUBLIC "-//W3C//DTD XHTML 1.0 Transitional//EN"
    "http://www.w3.org/TR/xhtml1/DTD/xhtml1-transitional.dtd">
<html xmlns="http://www.w3.org/1999/xhtml" xml:lang="en" lang="en">
 <head>
  <title>
</title>
<meta http-equiv="Content-Type" content="text/html;charset=utf-8" />
  <meta name='ocr-system' content='tesseract 3.04.00' />
  <meta name='ocr-capabilities' content='ocr_page ocr_carea ocr_par ocr_line ocrx_word'/>
</head>
<body>
  <div class='ocr_page' id='page_1' title='image "./naturalhistory07plinuoft_0152.png"; bbox 0 0 1459 2288; ppageno 0'>
   <div class='ocr_carea' id='block_1_1' title="bbox 393 87 1166 125">
    <p class='ocr_par' dir='ltr' id='par_1_1' title="bbox 393 87 1166 125">
     <span class='ocr_line' id='line_1_1' title="bbox 393 87 1166 125; baseline 0.001 -2"><span class='ocrx_word' id='word_1_1' title='bbox 393 87 587 124; x_wconf 89' lang='lat' dir='ltr'>PLINY:</span> <span class='ocrx_word' id='word_1_2' title='bbox 635 87 896 125; x_wconf 80' lang='lat' dir='ltr'>NATURAL</span> <span class='ocrx_word' id='word_1_3' title='bbox 932 88 1166 125; x_wconf 84' lang='lat' dir='ltr'>HISTORY</span> 
     </span>
    </p>
   </div>
   <div class='ocr_carea' id='block_1_2' title="bbox 104 189 1378 877">
    <p class='ocr_par' dir='ltr' id='par_1_2' title="bbox 104 189 1378 877">
     <span class='ocr_line' id='line_1_2' title="bbox 199 189 1377 239; baseline 0 -13"><span class='ocrx_word' id='word_1_4' title='bbox 199 189 398 232; x_wconf 79' lang='lat' dir='ltr'>laudatur,</span> <span class='ocrx_word' id='word_1_5' title='bbox 415 191 562 238; x_wconf 81' lang='lat' dir='ltr'>quippe</span> <span class='ocrx_word' id='word_1_6' title='bbox 578 202 668 225; x_wconf 90' lang='lat' dir='ltr'>cum</span> <span class='ocrx_word' id='word_1_7' title='bbox 684 202 806 238; x_wconf 85' lang='lat' dir='ltr'>vapor</span> <span class='ocrx_word' id='word_1_8' title='bbox 821 202 979 238; x_wconf 89' lang='lat' dir='ltr'>quoque</span> <span class='ocrx_word' id='word_1_9' title='bbox 995 189 1149 226; x_wconf 90' lang='lat' dir='ltr'>decocti</span> <span class='ocrx_word' id='word_1_10' title='bbox 1164 189 1377 239; x_wconf 88' lang='lat' dir='ltr'>plurimum</span> 
     </span>
     <span class='ocr_line' id='line_1_3' title="bbox 197 241 1377 292; baseline 0.001 -13"><span class='ocrx_word' id='word_1_11' title='bbox 197 245 335 292; x_wconf 81' lang='lat' dir='ltr'>prosit,</span> <span class='ocrx_word' id='word_1_12' title='bbox 350 241 582 291; x_wconf 78' lang='lat' dir='ltr'>alarumque</span> <span class='ocrx_word' id='word_1_13' title='bbox 597 245 717 278; x_wconf 85' lang='lat' dir='ltr'>etiam</span> <span class='ocrx_word' id='word_1_14' title='bbox 732 241 1034 291; x_wconf 87' lang='lat' dir='ltr'>graviolentiam</span> <span class='ocrx_word' id='word_1_15' title='bbox 1047 242 1257 280; x_wconf 90' lang='lat' dir='ltr'>decoctum</span> <span class='ocrx_word' id='word_1_16' title='bbox 1270 243 1350 280; x_wconf 87' lang='lat' dir='ltr'>feni</span> <span class='ocrx_word' id='word_1_17' title='bbox 1361 243 1377 267; x_wconf 84' lang='lat'>1</span> 
     </span>
     <span class='ocr_line' id='line_1_4' title="bbox 199 295 1377 345; baseline 0.001 -13"><span class='ocrx_word' id='word_1_18' title='bbox 199 295 400 332; x_wconf 88' lang='lat' dir='ltr'>emendat.</span> <span class='ocrx_word' id='word_1_19' title='bbox 456 295 582 331; x_wconf 87' lang='lat' dir='ltr'>farina</span> <span class='ocrx_word' id='word_1_20' title='bbox 602 297 821 345; x_wconf 81' lang='lat' dir='ltr'>porrigines</span> <span class='ocrx_word' id='word_1_21' title='bbox 842 298 982 345; x_wconf 87' lang='lat' dir='ltr'>capitis</span> <span class='ocrx_word' id='word_1_22' title='bbox 1009 295 1261 345; x_wconf 84' lang='lat' dir='ltr'>furfuresque</span> <span class='ocrx_word' id='word_1_23' title='bbox 1288 309 1377 333; x_wconf 82' lang='lat' dir='ltr'>eum</span> 
     </span>
     <span class='ocr_line' id='line_1_5' title="bbox 104 347 1377 398; baseline 0.001 -13"><span class='ocrx_word' id='word_1_24' title='bbox 104 355 164 385; x_wconf 82' lang='grc'>188</span> <span class='ocrx_word' id='word_1_25' title='bbox 192 352 281 385; x_wconf 76' lang='lat' dir='ltr'>vino</span> <span class='ocrx_word' id='word_1_26' title='bbox 307 354 349 385; x_wconf 90' lang='lat' dir='ltr'>et</span> <span class='ocrx_word' id='word_1_27' title='bbox 373 351 476 385; x_wconf 90' lang='lat' dir='ltr'>nitro</span> <span class='ocrx_word' id='word_1_28' title='bbox 502 347 685 384; x_wconf 74' lang='lat' dir='ltr'>celeriter</span> <span class='ocrx_word' id='word_1_29' title='bbox 714 348 830 385; x_wconf 88' lang='lat' dir='ltr'>tollit.</span> <span class='ocrx_word' id='word_1_30' title='bbox 885 351 924 385; x_wconf 90' lang='lat' dir='ltr'>in</span> <span class='ocrx_word' id='word_1_31' title='bbox 949 348 1215 398; x_wconf 78' lang='lat' dir='ltr'>hydromelite</span> <span class='ocrx_word' id='word_1_32' title='bbox 1241 355 1377 386; x_wconf 88' lang='lat' dir='ltr'>autem</span> 
     </span>
     <span class='ocr_line' id='line_1_6' title="bbox 199 401 1377 451; baseline 0.001 -13"><span class='ocrx_word' id='word_1_33' title='bbox 199 402 363 438; x_wconf 85' lang='lat' dir='ltr'>decocta</span> <span class='ocrx_word' id='word_1_34' title='bbox 396 401 533 438; x_wconf 86' lang='lat' dir='ltr'>addita</span> <span class='ocrx_word' id='word_1_35' title='bbox 566 404 739 451; x_wconf 80' lang='lat' dir='ltr'>axungia</span> <span class='ocrx_word' id='word_1_36' title='bbox 773 401 1016 451; x_wconf 73' lang='lat' dir='ltr'>genitalibus</span> <span class='ocrx_word' id='word_1_37' title='bbox 1048 402 1248 446; x_wconf 85' lang='lat' dir='ltr'>medetur,</span> <span class='ocrx_word' id='word_1_38' title='bbox 1279 406 1377 440; x_wconf 91' lang='lat' dir='ltr'>item</span> 
     </span>
     <span class='ocr_line' id='line_1_7' title="bbox 198 455 1377 505; baseline 0.002 -15"><span class='ocrx_word' id='word_1_39' title='bbox 198 468 316 504; x_wconf 85' lang='lat' dir='ltr'>pano,</span> <span class='ocrx_word' id='word_1_40' title='bbox 345 455 530 504; x_wconf 77' lang='lat' dir='ltr'>parotidi,</span> <span class='ocrx_word' id='word_1_41' title='bbox 559 455 775 504; x_wconf 80' lang='lat' dir='ltr'>podagrae,</span> <span class='ocrx_word' id='word_1_42' title='bbox 804 455 1023 505; x_wconf 84' lang='lat' dir='ltr'>chiragrae,</span> <span class='ocrx_word' id='word_1_43' title='bbox 1053 455 1226 492; x_wconf 81' lang='lat' dir='ltr'>articulis</span> <span class='ocrx_word' id='word_1_44' title='bbox 1254 459 1377 492; x_wconf 86' lang='lat' dir='ltr'>carni-</span> 
     </span>
     <span class='ocr_line' id='line_1_8' title="bbox 198 508 1378 558; baseline 0.001 -13"><span class='ocrx_word' id='word_1_45' title='bbox 198 509 352 558; x_wconf 77' lang='lat' dir='ltr'>busque</span> <span class='ocrx_word' id='word_1_46' title='bbox 373 521 476 557; x_wconf 90' lang='lat' dir='ltr'>quae</span> <span class='ocrx_word' id='word_1_47' title='bbox 496 508 690 544; x_wconf 90' lang='lat' dir='ltr'>recedunt</span> <span class='ocrx_word' id='word_1_48' title='bbox 711 509 760 544; x_wconf 92' lang='lat' dir='ltr'>ab</span> <span class='ocrx_word' id='word_1_49' title='bbox 780 509 945 551; x_wconf 80' lang='lat' dir='ltr'>ossibus,</span> <span class='ocrx_word' id='word_1_50' title='bbox 966 514 1080 545; x_wconf 88' lang='lat' dir='ltr'>aceto</span> <span class='ocrx_word' id='word_1_51' title='bbox 1100 522 1193 545; x_wconf 89' lang='lat' dir='ltr'>vero</span> <span class='ocrx_word' id='word_1_52' title='bbox 1213 509 1378 546; x_wconf 88' lang='lat' dir='ltr'>subacta</span> 
     </span>
     <span class='ocr_line' id='line_1_9' title="bbox 198 561 1377 599; baseline 0.002 -2"><span class='ocrx_word' id='word_1_53' title='bbox 198 561 356 598; x_wconf 81' lang='lat' dir='ltr'>luxatis.</span> <span class='ocrx_word' id='word_1_54' title='bbox 412 561 589 598; x_wconf 81' lang='lat' dir='ltr'>inlinitur</span> <span class='ocrx_word' id='word_1_55' title='bbox 614 566 655 597; x_wconf 93' lang='lat' dir='ltr'>et</span> <span class='ocrx_word' id='word_1_56' title='bbox 680 561 771 597; x_wconf 88' lang='lat' dir='ltr'>lieni</span> <span class='ocrx_word' id='word_1_57' title='bbox 797 561 963 598; x_wconf 89' lang='lat' dir='ltr'>decocta</span> <span class='ocrx_word' id='word_1_58' title='bbox 988 564 1028 598; x_wconf 91' lang='lat' dir='ltr'>in</span> <span class='ocrx_word' id='word_1_59' title='bbox 1053 567 1167 598; x_wconf 88' lang='lat' dir='ltr'>aceto</span> <span class='ocrx_word' id='word_1_60' title='bbox 1194 568 1235 599; x_wconf 88' lang='lat' dir='ltr'>et</span> <span class='ocrx_word' id='word_1_61' title='bbox 1259 562 1377 599; x_wconf 91' lang='lat' dir='ltr'>melle</span> 
     </span>
     <span class='ocr_line' id='line_1_10' title="bbox 199 615 1376 665; baseline 0.003 -15"><span class='ocrx_word' id='word_1_62' title='bbox 199 620 370 651; x_wconf 84' lang='lat' dir='ltr'>tantum.</span> <span class='ocrx_word' id='word_1_63' title='bbox 425 617 691 651; x_wconf 79' lang='lat' dir='ltr'>carcinomata</span> <span class='ocrx_word' id='word_1_64' title='bbox 717 615 883 651; x_wconf 87' lang='lat' dir='ltr'>subacta</span> <span class='ocrx_word' id='word_1_65' title='bbox 910 628 958 651; x_wconf 80' lang='lat' dir='ltr'>ex</span> <span class='ocrx_word' id='word_1_66' title='bbox 985 617 1074 651; x_wconf 83' lang='lat' dir='ltr'>vino</span> <span class='ocrx_word' id='word_1_67' title='bbox 1100 621 1260 665; x_wconf 80' lang='lat' dir='ltr'>purgat,</span> <span class='ocrx_word' id='word_1_68' title='bbox 1285 629 1376 653; x_wconf 82' lang='lat' dir='ltr'>mox</span> 
     </span>
     <span class='ocr_line' id='line_1_11' title="bbox 199 667 1378 717; baseline 0.001 -13"><span class='ocrx_word' id='word_1_69' title='bbox 199 668 336 705; x_wconf 86' lang='lat' dir='ltr'>addito</span> <span class='ocrx_word' id='word_1_70' title='bbox 356 667 473 704; x_wconf 87' lang='lat' dir='ltr'>melle</span> <span class='ocrx_word' id='word_1_71' title='bbox 494 673 693 717; x_wconf 87' lang='lat' dir='ltr'>persanat.</span> <span class='ocrx_word' id='word_1_72' title='bbox 748 671 918 705; x_wconf 85' lang='lat' dir='ltr'>sumitur</span> <span class='ocrx_word' id='word_1_73' title='bbox 938 674 979 705; x_wconf 92' lang='lat' dir='ltr'>et</span> <span class='ocrx_word' id='word_1_74' title='bbox 999 669 1161 705; x_wconf 82' lang='lat' dir='ltr'>sorbitio</span> <span class='ocrx_word' id='word_1_75' title='bbox 1183 682 1231 705; x_wconf 83' lang='lat' dir='ltr'>ex</span> <span class='ocrx_word' id='word_1_76' title='bbox 1252 668 1378 706; x_wconf 89' lang='lat' dir='ltr'>farina</span> 
     </span>
     <span class='ocr_line' id='line_1_12' title="bbox 201 721 1377 771; baseline 0.002 -14"><span class='ocrx_word' id='word_1_77' title='bbox 201 722 251 758; x_wconf 89' lang='lat' dir='ltr'>ad</span> <span class='ocrx_word' id='word_1_78' title='bbox 290 727 430 770; x_wconf 90' lang='lat' dir='ltr'>pectus</span> <span class='ocrx_word' id='word_1_79' title='bbox 470 721 743 758; x_wconf 84' lang='lat' dir='ltr'>exulceratum</span> <span class='ocrx_word' id='word_1_80' title='bbox 783 721 1023 771; x_wconf 85' lang='lat' dir='ltr'>longamque</span> <span class='ocrx_word' id='word_1_81' title='bbox 1074 724 1226 758; x_wconf 81' lang='lat' dir='ltr'>tussim.</span> <span class='ocrx_word' id='word_1_82' title='bbox 1281 723 1377 759; x_wconf 87' lang='lat' dir='ltr'>diu2</span> 
     </span>
     <span class='ocr_line' id='line_1_13' title="bbox 200 774 1377 824; baseline 0.001 -13"><span class='ocrx_word' id='word_1_83' title='bbox 200 775 436 824; x_wconf 86' lang='lat' dir='ltr'>decoquitur</span> <span class='ocrx_word' id='word_1_84' title='bbox 475 774 601 811; x_wconf 90' lang='lat' dir='ltr'>donec</span> <span class='ocrx_word' id='word_1_85' title='bbox 642 775 866 811; x_wconf 81' lang='lat' dir='ltr'>amaritudo</span> <span class='ocrx_word' id='word_1_86' title='bbox 906 775 1078 818; x_wconf 84' lang='lat' dir='ltr'>desinat,</span> <span class='ocrx_word' id='word_1_87' title='bbox 1118 781 1259 824; x_wconf 85' lang='lat' dir='ltr'>postea</span> <span class='ocrx_word' id='word_1_88' title='bbox 1298 775 1377 812; x_wconf 88' lang='lat' dir='ltr'>mel</span> 
     </span>
     <span class='ocr_line' id='line_1_14' title="bbox 200 827 1237 877; baseline 0.001 -13"><span class='ocrx_word' id='word_1_89' title='bbox 200 828 371 864; x_wconf 89' lang='lat' dir='ltr'>additur.</span> <span class='ocrx_word' id='word_1_90' title='bbox 428 827 541 864; x_wconf 90' lang='lat' dir='ltr'>Nunc</span> <span class='ocrx_word' id='word_1_91' title='bbox 560 830 645 877; x_wconf 84' lang='lat' dir='ltr'>ipsa</span> <span class='ocrx_word' id='word_1_92' title='bbox 664 828 821 865; x_wconf 84' lang='lat' dir='ltr'>claritas</span> <span class='ocrx_word' id='word_1_93' title='bbox 840 827 1052 865; x_wconf 90' lang='lat' dir='ltr'>herbarum</span> <span class='ocrx_word' id='word_1_94' title='bbox 1072 828 1237 865; x_wconf 91' lang='lat' dir='ltr'>dicetur.</span> 
     </span>
    </p>
   </div>
   <div class='ocr_carea' id='block_1_3' title="bbox 258 921 1304 1005">
    <p class='ocr_par' dir='ltr' id='par_1_3' title="bbox 258 921 1304 1005">
     <span class='ocr_line' id='line_1_15' title="bbox 258 921 1304 963; baseline 0.002 -11"><span class='ocrx_word' id='word_1_95' title='bbox 258 921 269 940; x_wconf 81' lang='lat'><strong>¹</strong></span> <span class='ocrx_word' id='word_1_96' title='bbox 294 922 359 952; x_wconf 76' lang='lat' dir='ltr'>Hic</span> <span class='ocrx_word' id='word_1_97' title='bbox 377 931 489 952; x_wconf 73' lang='lat' dir='ltr'>semen</span> <span class='ocrx_word' id='word_1_98' title='bbox 509 921 605 952; x_wconf 77' lang='lat' dir='ltr'>VEX</span> <span class='ocrx_word' id='word_1_99' title='bbox 624 921 794 963; x_wconf 69' lang='lat' dir='ltr'>Maylzoss:</span> <span class='ocrx_word' id='word_1_100' title='bbox 827 933 887 953; x_wconf 82' lang='lat' dir='ltr'>om.</span> <span class='ocrx_word' id='word_1_101' title='bbox 906 921 927 952; x_wconf 81' lang='lat' dir='ltr'>d</span> <span class='ocrx_word' id='word_1_102' title='bbox 945 922 972 952; x_wconf 83' lang='lat' dir='ltr'><strong>T</strong></span> <span class='ocrx_word' id='word_1_103' title='bbox 987 922 1106 960; x_wconf 79' lang='lat' dir='ltr'>Hard.,</span> <span class='ocrx_word' id='word_1_104' title='bbox 1128 922 1304 963; x_wconf 75' lang='lat' dir='ltr'>Detlessen.</span> 
     </span>
     <span class='ocr_line' id='line_1_16' title="bbox 260 964 625 1005; baseline 0.003 -11"><span class='ocrx_word' id='word_1_105' title='bbox 260 964 272 982; x_wconf 80' lang='lat'><em>²</em></span> <span class='ocrx_word' id='word_1_106' title='bbox 297 964 365 995; x_wconf 86' lang='lat' dir='ltr'>Om.</span> <span class='ocrx_word' id='word_1_107' title='bbox 385 964 442 994; x_wconf 88' lang='lat' dir='ltr'>diu</span> <span class='ocrx_word' id='word_1_108' title='bbox 462 964 625 1005; x_wconf 59' lang='lat' dir='ltr'>Mafshoff.</span> 
     </span>
    </p>
   </div>
   <div class='ocr_carea' id='block_1_4' title="bbox 203 2024 268 2059">
    <p class='ocr_par' dir='ltr' id='par_1_4' title="bbox 203 2024 268 2059">
     <span class='ocr_line' id='line_1_17' title="bbox 203 2024 268 2059; baseline 0 -11"><span class='ocrx_word' id='word_1_109' title='bbox 203 2024 268 2059; x_wconf 82' lang='lat'>132</span> 
     </span>
    </p>
   </div>
  </div>
 </body>
</html>
