1459 2288
368 203 564 242 PLINY:
611 205 876 242 NATURAL
910 205 1149 243 HISTORY

179 324 283 359 aqua
305 309 427 346 dulcis
451 309 534 352 fiat,
557 321 684 357 eaque
708 307 831 345 effusa
851 308 1026 345 radicem
1047 315 1226 346 terentes
1248 309 1354 360 dige-

178 370 270 400 runt
299 366 338 399 in
367 362 543 412 pastillos
571 361 653 398 sole
682 364 846 398 siccatos
876 368 917 398 et
945 368 1085 411 postea
1113 368 1281 399 utuntur
1309 363 1359 400 ad

179 419 318 465 capitis
335 416 467 452 ulcera
488 421 529 452 et
549 421 684 452 cetera
700 428 802 464 quae
818 415 1072 465 repurganda
1087 418 1179 459 sint,
1192 418 1290 452 item
1307 416 1357 453 ad

178 473 318 506 tussim
339 475 533 519 quantum
552 469 678 505 tribus
697 468 832 518 digitis
853 468 1192 517 adprehenderint
1210 471 1249 505 in
1269 472 1359 506 vino

178 523 335 565 dantes,
373 528 415 559 et
452 522 502 558 ad
539 521 673 558 lateris
711 521 866 558 dolores
905 528 974 558 aut
1012 522 1357 571 peripleumonicis

180 576 404 626 ecligmate.
443 575 542 611 dant
558 581 600 612 et
615 580 778 624 propter
793 574 968 611 ischiada
983 577 1023 610 in
1039 578 1129 612 vino
1144 576 1359 612 bibendam

181 636 222 666 et
241 635 404 678 propter
423 631 593 665 tormina
612 641 850 677 mensesque
869 628 1041 664 ciendos.

99 687 158 717 119
229 682 378 718 XCIII.
409 681 554 730 Pephs,
584 694 703 730 quam
732 681 852 730 aliqui
881 694 1016 731 sycen,
1044 681 1110 718 alii
1138 685 1359 726 meconion,

180 735 244 771 alii
279 748 446 772 mecona
479 734 655 784 aphrode
690 740 846 777 vocant,
882 748 931 770 ex
966 748 1046 771 una
1078 734 1210 772 radice
1245 738 1358 772 tenui

180 788 342 825 fruticat
362 787 463 825 foliis
483 794 598 824 rutae
618 787 737 837 paulo
756 787 974 831 latioribus,
994 790 1144 824 semine
1165 789 1237 824 sub
1257 787 1359 825 foliis

179 842 363 885 rotundo,
406 844 556 877 minore
601 854 720 890 quam
762 840 919 877 candidi
966 841 1204 890 papaveris.1
1256 844 1361 878 inter

180 898 280 931 vites
303 894 387 932 fere
410 894 608 944 colligitur
630 895 823 930 messibus
846 897 1095 944 siccaturque
1117 907 1207 930 cum
1229 893 1360 932 fructu

179 962 249 985 suo
264 949 450 985 subiectis
465 951 505 984 in
521 960 623 997 quae
640 947 810 984 excidat.
859 947 932 984 hoc
946 953 1043 997 poto
1058 947 1167 984 alvus
1182 947 1359 992 solvitur,

179 1002 266 1038 bilis
285 1015 330 1038 ac
348 1004 494 1050 pituita
513 1000 748 1038 detrahitur.
804 1001 938 1037 media
954 1003 1064 1050 potio
1083 1007 1144 1038 est
1162 1001 1360 1038 acetabuli

179 1068 365 1091 mensura
393 1057 432 1090 in
463 1068 590 1103 aquae
620 1054 772 1090 mulsae
802 1053 970 1090 heminis
999 1055 1138 1091 tribus.
1194 1060 1236 1092 et
1264 1055 1360 1091 cibis

179 1111 420 1157 inspergitur
440 1108 691 1157 obsoniisque
712 1107 763 1144 ad
782 1107 1040 1144 molliendam
1061 1107 1205 1144 alvum.

99 1166 159 1197 120
228 1161 369 1198 XCIV.
400 1160 701 1211 Periclymenon
723 1159 885 1198 fruticat
908 1167 949 1198 et
970 1163 1055 1210 ipsa
1078 1174 1127 1197 ex
1148 1160 1361 1198 intervallo

179 1215 258 1251 duo
287 1214 382 1251 folia
408 1214 560 1251 habens
589 1214 847 1257 subcandida,
876 1214 1023 1251 mollia.
1078 1217 1118 1250 in
1156 1217 1361 1251 cacumine

180 1275 316 1305 autem
353 1281 490 1304 semen
527 1270 632 1304 inter
668 1266 763 1304 folia
799 1267 943 1304 durum
981 1273 1022 1304 et
1060 1267 1166 1316 quod
1202 1267 1360 1304 difficile

179 1322 360 1358 vellatur.
416 1323 590 1357 nascitur
607 1323 647 1357 in
665 1323 766 1357 arvis
784 1334 829 1357 ac
848 1321 1032 1370 saepibus
1051 1321 1360 1357 circumvolvens

180 1388 221 1411 se
243 1374 489 1411 adminiculis
512 1375 839 1423 quibuscumque.
894 1387 1031 1410 semen
1054 1377 1137 1411 eius
1158 1377 1199 1410 in
1220 1374 1361 1410 umbra

233 1468 244 1486 ¹
261 1469 390 1498 minore
423 1477 526 1507 quam
559 1467 694 1498 candidi
727 1467 906 1507 papaveris
938 1467 1138 1498 Hermolaus
1169 1467 1358 1499 Barbarus:

186 1512 296 1542 minor
322 1511 466 1541 candido
491 1520 661 1551 papavere
687 1509 851 1550 Detlefsen
875 1513 949 1549 post
978 1509 1129 1541 Urlichs:
1169 1520 1283 1541 semen
1308 1513 1361 1541 est

186 1554 248 1584 sub
279 1553 378 1589 foliis,
409 1553 608 1589 rotundum,
639 1554 751 1583 minus
787 1553 931 1583 candido
972 1563 1142 1593 papavere
1183 1552 1358 1593 Illayhoff:

186 1598 298 1627 minus
312 1597 334 1627 d
349 1596 431 1635 vulq.
448 1609 455 1627 :
482 1597 592 1627 minos
605 1596 668 1627 VR
684 1608 691 1627 ε
718 1606 870 1636 papaver
882 1596 945 1626 VR
961 1608 968 1626 ;
995 1596 1175 1636 papaveris
1192 1596 1226 1636 d(
1241 1596 1357 1635 ?)vul9.

222 1741 236 1755 α
260 1736 474 1768 Dioscorides
500 1736 549 1767 IV
576 1737 638 1767 14:
675 1736 848 1777 θαμνίσκος
873 1761 880 1767 .
907 1760 913 1767 .
940 1760 947 1767 .
973 1735 1057 1777 ἔχων
1082 1735 1118 1768 ἐκ
1142 1735 1360 1776 διαστήματος

177 1780 336 1821 φυλλάρισ.
358 1779 586 1820 περιειληφότα
613 1779 721 1815 αὐτόν,
747 1779 916 1814 ὑπόλευκα,
941 1779 1109 1819 κισσοειδῆ
1133 1778 1187 1810 καὶ
1212 1779 1297 1819 παρὰ
1320 1779 1360 1810 τὰ

177 1823 279 1863 φύλλα
308 1822 551 1863 ἐκβλαστήσεις,
576 1821 626 1862 ἐφ’
651 1821 696 1853 ὧν
720 1821 842 1860 καρπὸς
870 1824 975 1861 κισσῷ
1004 1821 1238 1862 παραπλήσιος,
1262 1821 1358 1853 οἱονεὶ

179 1865 378 1905 ἐπικείμενος
412 1868 460 1905 τῷ
493 1865 615 1905 φύλλῳ,
648 1865 785 1905 σκληρὸς
818 1864 870 1895 καὶ
903 1864 1184 1898 δυσαπόσπαστος.
1233 1863 1356 1895 “Peri-

178 1908 346 1947 clymenon
377 1907 514 1947 fruticat
551 1917 659 1938 seems
690 1910 726 1937 to
758 1917 857 1938 mean
892 1906 1171 1947 ‘Periclymenon
1204 1906 1308 1938 forms
1340 1918 1359 1938 a

177 1950 305 1981 shrub.’
352 1950 432 1981 This
456 1950 512 1981 fits
535 1949 775 1990 honeysuckle,
793 1949 951 1980 Lonicera
968 1953 1103 1986 etrusca,
1121 1953 1157 1980 to
1175 1949 1283 1980 which
1301 1950 1359 1980 the

176 2004 276 2024 name
294 1994 321 2024 is
338 1993 473 2033 usually
489 1992 645 2023 referred.
693 1992 792 2033 Pliny
810 1993 837 2023 is
853 1992 999 2023 inclined
1016 1996 1053 2023 to
1070 1996 1160 2023 treat
1177 2003 1245 2033 any
1262 1992 1359 2033 plant

177 2047 277 2067 name
293 2047 329 2067 as
345 2036 517 2072 feminine,
532 2035 717 2076 regardless
732 2035 770 2066 of
782 2035 874 2066 what
888 2036 916 2066 it
931 2036 969 2072 is,
985 2035 1152 2076 probably
1167 2035 1250 2066 with
1265 2035 1358 2066 herba

177 2080 211 2110 in
227 2079 278 2110 his
294 2079 399 2110 mind.
447 2079 529 2118 Ipsa
544 2078 712 2109 therefore
733 2088 850 2109 means
867 2077 874 2089 ⁴
890 2078 958 2109 this
978 2078 1097 2118 plant.²
1145 2078 1191 2109 As
1215 2078 1231 2108 I
1254 2078 1359 2118 study

178 2141 247 2184 462
