1459 2288
404 167 598 205 PLINY:
645 167 907 205 NATURAL
942 167 1176 204 HISTORY

200 271 316 307 fibras
339 273 502 306 scrutati
527 273 714 306 invenere
738 270 832 319 quid
855 282 1038 319 quaeque
1062 270 1172 306 radix
1196 269 1379 319 polleret,

199 341 248 377 ad
276 354 372 389 quos
400 353 490 376 usus
517 339 729 375 herbarum
757 338 822 375 fila
847 341 1110 388 pertinerent,
1136 342 1259 376 etiam
1285 352 1379 389 qua-

198 409 409 459 dripedum
426 409 574 458 pabulo
593 411 745 445 intacta
763 408 813 444 ad
831 409 968 445 salutis
986 422 1078 445 usus
1096 415 1312 446 vertentes.

157 484 178 514 4
248 478 300 516 ΙΙ.
332 478 468 515 Minus
498 478 571 515 hoc
601 491 721 528 quam
755 491 827 527 par
856 483 942 514 erat
976 481 1099 514 nostri
1129 478 1379 515 celebravere

198 551 375 585 omnium
398 548 636 584 utilitatium
659 553 700 584 et
723 550 916 584 virtutum
938 550 1193 597 rapacissimi,
1215 550 1380 597 primus-

198 631 275 667 que
296 623 337 654 et
356 617 424 654 diu
442 617 546 654 solus
566 617 673 654 idem
691 617 758 653 ille
780 616 837 654 M.
859 617 973 661 Cato,
992 619 1168 654 omnium
1187 618 1379 654 bonarum

199 691 344 724 artium
357 690 561 737 magister,
575 690 710 737 paucis
728 687 943 723 dumtaxat
960 689 1110 737 attigit,
1123 687 1243 723 boum
1258 689 1379 723 etiam

197 757 395 794 medicina
432 770 509 793 non
548 759 703 793 omissa.
758 761 849 806 post
887 769 979 792 eum
1017 769 1117 792 unus
1155 756 1379 793 inlustrium

198 829 414 876 temptavit
438 826 560 862 Gaius
585 825 749 876 Valgius
775 825 999 862 eruditione
1024 831 1227 875 spectatus
1250 828 1380 875 inper-

198 894 304 932 fecto
327 895 526 932 volumine
551 895 601 931 ad
623 895 759 932 divum
783 895 1026 945 Augustum,
1049 894 1234 931 inchoata
1258 898 1379 931 etiam

199 964 446 1014 praefatione
466 965 652 1015 religiosa
672 970 717 1001 ut
737 965 919 1001 omnibus
941 964 1054 1001 malis
1074 963 1256 1000 humanis
1277 964 1379 1001 illius

198 1037 447 1084 potissimum
468 1036 655 1083 principis
677 1047 836 1083 semper
856 1034 1088 1070 mederetur
1109 1036 1308 1070 maiestas.

156 1112 175 1139 5
247 1104 322 1140 ΙΙΙ.
352 1104 487 1140 Antea
511 1103 746 1140 condiderat
770 1103 876 1140 solus
901 1103 1008 1153 apud
1032 1117 1115 1147 nOS‚
1140 1103 1247 1152 quod
1271 1105 1379 1152 equi-

197 1173 290 1210 dem
319 1176 532 1217 inveniam,
565 1171 778 1222 Pompeius
811 1172 994 1210 Lenaeus
1027 1172 1168 1223 Magni
1198 1172 1379 1216 libertus,

198 1257 276 1292 quo
314 1245 487 1292 primum
526 1248 707 1292 tempore
747 1241 849 1278 hanc
889 1245 1096 1279 scientiam
1137 1242 1187 1279 ad
1225 1247 1378 1278 nostros

199 1315 424 1362 pervenisse
472 1315 603 1349 animo
651 1312 829 1349 adverto.
885 1324 1058 1361 namque
1107 1311 1379 1355 Mithridates,

198 1384 393 1418 maximus
423 1395 494 1418 sua
523 1387 659 1418 aetate
689 1394 830 1431 regum
860 1394 980 1431 quem
1014 1381 1232 1418 debellavit
1265 1379 1379 1417 Pom-

199 1454 324 1501 peius,
362 1454 539 1488 omnium
577 1457 671 1488 ante
710 1464 751 1487 se
788 1453 1016 1501 genitorum
1053 1450 1378 1501 diligentissimus

200 1524 304 1558 vitae
329 1520 448 1557 fuisse
474 1523 720 1570 argumentis
744 1526 1027 1570 praeterquam
1052 1519 1159 1556 fama
1181 1519 1378 1570 intellegi-

159 1596 177 1626 6
196 1596 272 1627 tur.
329 1593 395 1626 uni
434 1593 470 1626 ei
509 1593 783 1640 excogitatum
820 1590 967 1627 cotidie
1006 1602 1203 1626 venenum
1240 1590 1377 1626 bibere

199 1662 464 1709 praesumptis
485 1660 672 1696 remediis
694 1665 739 1696 ut
760 1659 1048 1696 consuetudine
1068 1662 1154 1709 ipsa
1173 1661 1377 1695 innoxium

200 1729 313 1766 fieret
327 1742 336 1773 3
362 1732 488 1778 primo
502 1732 665 1766 inventa
679 1742 829 1779 genera
844 1729 1014 1765 antidoti
1033 1741 1081 1765 ex
1096 1729 1238 1778 quibus
1254 1741 1377 1764 unum

200 1802 320 1836 etiam
337 1812 482 1835 nomen
500 1801 582 1835 eius
599 1801 769 1842 retinet;
802 1798 905 1835 illius
920 1801 1127 1834 inventum
1143 1800 1376 1847 sanguinem

199 1874 364 1905 anatum
415 1867 669 1905 Ponticarum
720 1870 886 1904 miscere
937 1867 1139 1911 antidotis,
1190 1869 1375 1917 quoniam

236 1989 250 2004 ‘³
273 1986 435 2026 Perhaps,
457 1986 475 1998 ‘⁵
491 1986 662 2027 biology.''
708 1986 779 2017 But
795 1995 849 2016 see
866 1986 934 2016 vita
951 1986 1052 2026 again
1069 1987 1103 2016 in
1119 1986 1150 2024 ἐξ
1169 1987 1186 2016 7
1203 1985 1271 2016 and
1288 1985 1340 2016 22.

237 2028 249 2047 ὓ
273 2029 388 2060 Primo
403 2029 475 2060 dat.
491 2029 529 2060 of
540 2029 599 2060 the
614 2032 726 2070 agent.

205 2090 271 2136 138
