1459 2288
92 388 151 418 129

92 601 152 632 130

93 1134 149 1164 131

377 173 572 210 PLINY:
617 173 880 211 NATURAL
914 172 1150 210 HISTORY

178 276 431 313 collectiones
457 289 593 312 omnes
619 275 708 312 fuco
733 278 864 319 maris,
889 278 1118 325 priusquam
1143 278 1350 313 inarescat.

180 337 221 367 et
240 330 404 366 alcimae
417 330 431 352 1
449 329 562 365 radix
581 329 835 366 collectiones
853 329 1028 366 discutit.

231 383 392 419 LXXX.
422 383 621 419 Ambusta
651 388 841 419 sanantur
869 382 1114 431 plantagine,
1146 384 1268 419 arctio
1296 385 1354 418 ita

179 442 223 473 ut
242 439 404 472 cicatrix
423 435 548 472 fallat.
602 435 695 472 folia
715 438 798 472 eius
817 438 857 471 in
877 449 981 485 aqua
999 436 1164 472 decocta
1183 438 1354 472 contrita

177 489 410 533 inlinuntur,
438 489 589 526 radices
617 489 824 539 cyclamini
851 502 940 525 cum
969 491 1090 532 aizoo,
1118 488 1243 525 herba
1269 491 1354 538 ipsa

178 542 354 593 hyperici
373 542 480 592 quod
497 545 684 579 corissum
703 542 998 591 appellavimus.

230 596 413 632 LXXXI.
444 595 583 632 Nervis
601 601 643 632 et
661 595 833 632 articulis
850 598 1035 632 convenit
1051 596 1242 645 plantago
1258 598 1354 632 trita

178 662 267 686 cum
289 649 383 693 sale,
403 651 634 698 argemonia
653 654 744 686 tusa
765 662 814 685 ex
834 649 966 686 melle.
1020 649 1241 698 peucedani
1261 662 1353 685 suco

179 708 457 752 perunguntur
494 705 666 752 spastici,
704 705 881 739 tetanici.
936 715 1146 739 nervorum
1183 702 1352 739 duritiae

179 756 355 805 aegilops
381 769 487 799 suco,
513 755 712 792 doloribus
740 759 921 805 erigeron
947 769 996 792 ex
1024 762 1137 792 aceto
1162 755 1354 799 inlinitur,

181 809 443 859 epithymum.
498 812 676 858 spasticis
725 815 767 845 et
813 808 1112 858 opisthotonicis
1159 811 1355 859 perungui

181 865 331 899 semine
353 862 542 912 hyperici,
565 862 671 912 quod
691 875 800 899 caros
822 868 996 906 vocatur,
1017 865 1196 911 itemque
1217 863 1354 899 bibere

180 916 353 964 prodest.
409 915 605 965 phrynion
643 915 788 952 dicitur
826 918 948 952 etiam
988 916 1176 952 abscissos
1215 929 1354 952 sanare

178 983 331 1013 nervos,
375 971 406 1005 si
449 968 659 1005 confestim
701 972 915 1018 inponatur
957 972 1053 1006 trita
1096 969 1158 1005 vel
1201 983 1349 1006 mansa.

179 1025 370 1072 spasticis,
415 1022 608 1066 tremulis,
653 1022 950 1071 opisthotonicis
1000 1023 1164 1059 alcimae
1179 1021 1194 1044 2
1243 1023 1354 1059 radix

179 1077 328 1113 bibitur
348 1089 396 1112 ex
417 1089 520 1125 aqua
538 1075 677 1112 mulsa.
733 1078 786 1112 sic
806 1082 848 1112 et
867 1078 1015 1125 rigores
1036 1075 1256 1112 excalfacit.

231 1129 437 1165 LXXXII.
467 1128 676 1179 Sanguinis
755 1129 946 1178 profluvia
1024 1132 1128 1166 sistit
1206 1129 1354 1166 herbae

180 1185 371 1232 paeoniae
400 1196 537 1219 semen
564 1183 922 1219 rubrum—eadem
951 1188 993 1219 et
1020 1185 1061 1218 in
1088 1182 1219 1219 radice
1248 1185 1354 1219 vis——

178 1236 382 1286 clymenus
399 1249 505 1279 vero,
523 1239 604 1273 sive
621 1249 688 1272 ore
706 1239 864 1286 sanguis
881 1238 1067 1272 reiciatur
1083 1239 1164 1273 sive
1181 1234 1362 1280 naribus.

179 1292 259 1326 sive
280 1289 366 1326 alvo
385 1289 483 1326 fluat
502 1292 583 1326 sive
603 1288 840 1326 feminarum
859 1295 987 1332 utero,
1007 1292 1106 1326 item
1124 1289 1355 1339 lysimachia

178 1349 274 1392 pota
303 1342 367 1379 vel
392 1342 507 1379 inlita
536 1342 599 1379 vel
628 1343 786 1379 naribus
816 1342 956 1385 indita,
986 1345 1083 1379 item
1114 1343 1353 1393 plantaginis

179 1409 329 1440 semen,
370 1395 685 1446 quinquefolium
725 1402 866 1445 potum
907 1402 949 1433 et
987 1396 1159 1440 inlitum,
1200 1399 1354 1433 cicutae

178 1462 315 1486 semen
331 1451 372 1485 in
389 1462 517 1493 nares,
535 1452 566 1486 si
582 1449 675 1486 inde
694 1449 805 1493 fluat,
822 1452 962 1486 tritum
981 1462 1030 1486 ex
1049 1463 1152 1499 aqua
1168 1450 1354 1493 inditum,

226 1547 243 1596 ¹·
261 1547 403 1578 alcimae
438 1547 467 1578 V
499 1546 515 1577 f
550 1546 666 1587 Silliy:
711 1546 824 1577 alceae
862 1547 1058 1578 Caesarius:
1102 1547 1234 1587 algmae
1272 1547 1350 1579 RE:

178 1589 402 1663 algzltffigissss
437 1632 546 1672 Silliq,
577 1631 755 1672 Detlefsen,
788 1631 960 1672 fllayhoff:
1004 1631 1119 1663 alceae
1152 1632 1351 1664 Caesarius:

179 1675 312 1716 algmae
328 1675 376 1707 V:
405 1675 538 1716 alginae
554 1674 576 1705 d
593 1675 639 1706 T:
668 1675 778 1715 algme
795 1676 889 1706 ceteri
906 1674 997 1706 codd.

217 1833 230 1848 ⁰
253 1829 314 1861 See
330 1830 344 1867 ἓ
362 1831 402 1861 85
419 1829 458 1861 of
469 1829 538 1861 this
554 1829 654 1861 book.

219 1872 231 1891 ⁶
254 1872 361 1904 There
373 1883 480 1904 seems
493 1876 530 1904 to
543 1872 584 1904 be
597 1873 674 1904 here
688 1883 707 1904 a
721 1873 918 1904 distinction
933 1872 1084 1904 between
1097 1873 1173 1904 trita
1185 1873 1254 1904 and
1266 1876 1349 1910 lusa,

177 1915 284 1946 which
307 1926 363 1946 are
385 1917 578 1946 sometimes
600 1915 842 1956 strengthened
864 1916 936 1946 into
959 1916 1095 1946 contrita
1116 1916 1184 1947 and
1206 1920 1349 1948 contusa.

177 1958 326 1998 Perhaps
346 1958 404 1989 the
425 1958 550 1989 former
570 1959 683 1999 points
704 1962 740 1989 to
762 1958 923 1999 breaking
944 1968 990 1998 up
1011 1960 1083 1989 into
1105 1958 1182 1995 bits,
1204 1959 1272 1989 and
1292 1959 1351 1990 the

176 2000 278 2032 latter
294 2001 420 2042 merely
436 2004 473 2032 to
491 2001 658 2041 crushing.
705 2002 783 2041 Any
799 2001 997 2032 distinction
1014 2002 1041 2032 is
1057 2002 1250 2033 sometimes
1265 2001 1350 2033 hard

175 2046 213 2074 to
230 2043 370 2075 observe
386 2045 420 2075 in
438 2054 458 2074 a
474 2043 687 2075 translation.

178 2105 244 2151 362
