1459 2288
128 644 168 675 35

127 911 167 941 36

128 1283 166 1314 37

394 216 590 254 PLINY:
635 217 899 255 NATURAL
932 217 1169 255 HISTORY

194 319 317 364 filicis,
346 320 528 363 candida,
556 319 721 364 hirsuta,
749 333 823 357 nec
851 320 1004 357 caulem
1032 333 1106 357 nec
1133 320 1271 358 florem
1297 333 1371 358 nec

194 387 331 410 semen
355 373 491 410 habet.
546 376 720 410 nascitur
743 376 784 410 in
808 377 930 423 petris
955 374 1254 423 parietibusque
1279 387 1372 423 opa-

194 430 261 469 cis,
293 427 450 469 umidis,
481 426 754 463 laudatissima
784 430 825 463 in
857 427 988 463 Creta.
1043 427 1158 463 huius
1189 426 1371 464 foliorum

193 483 232 516 in
262 486 377 516 aceto
406 480 571 516 decocto
602 493 672 529 per
700 480 784 516 dies
813 492 886 516 xxx
918 487 1013 530 poto
1040 480 1187 517 lienem
1218 480 1371 516 absumi

193 536 319 576 aiunt,
338 539 379 570 et
393 533 601 570 illinuntur
617 539 753 570 autem
771 533 925 570 eadem.
944 533 1087 570 sedant
1105 539 1146 570 et
1162 533 1370 583 singultus.

194 585 350 622 feminis
370 600 449 622 non
468 586 613 629 danda,
634 589 821 636 quoniam
840 586 1095 623 sterilitatem
1113 585 1219 623 facit.

245 639 397 675 XVIII.
427 640 631 689 Asclepias
683 639 778 676 folia
827 639 1001 676 hederae
1051 639 1189 683 habet,
1240 652 1369 676 ramos

195 692 346 742 longos,
380 693 532 729 radices
566 706 809 735 numerosas,
844 699 1001 736 tenues,
1035 693 1234 736 odoratas,
1267 692 1371 729 floris

195 749 297 782 virus
321 759 456 796 grave,
481 759 618 782 semen
642 746 949 783 securiclatum.1
1002 749 1176 783 nascitur
1198 749 1238 782 in
1261 759 1372 782 mon-

194 800 312 836 tibus.
367 799 519 836 radices
549 800 784 836 torminibus
813 800 1027 836 medentur
1057 806 1098 836 et
1127 805 1265 836 contra
1293 812 1372 835 ser-

194 856 375 901 pentium
396 856 496 889 ictus
516 866 595 889 non
614 853 740 889 solum
760 859 872 902 potu,
892 853 963 889 sed
983 855 1105 889 etiam
1123 852 1251 889 inlitu.

243 906 352 942 XIX.
383 907 504 942 Aster
533 907 583 942 ab
611 906 752 955 aliquis
780 907 983 942 bubonion
1011 905 1249 955 appellatur,
1278 918 1373 954 quo—

195 962 301 995 niam
355 962 564 1009 inguinum
619 966 957 1009 praesentaneum
1011 959 1234 996 remedium
1295 964 1370 995 est.

194 1012 406 1049 cauliculus
431 1012 532 1049 foliis
557 1012 736 1062 oblongis
761 1013 914 1049 duobus
940 1018 1009 1049 aut
1033 1013 1173 1056 tribuS,
1196 1015 1237 1048 in
1261 1025 1373 1049 cacu-

194 1069 300 1102 mine
346 1066 521 1115 capitula
566 1066 707 1102 stellae
752 1066 872 1102 modo
915 1065 1082 1102 radiata.
1136 1066 1285 1102 bibitur
1331 1071 1373 1102 et

193 1119 380 1155 adversus
419 1126 638 1168 serpentes.
694 1119 764 1155 sed
803 1119 853 1155 ad
890 1122 1098 1169 inguinum
1130 1119 1370 1155 medicinam

194 1175 351 1209 sinistra
369 1186 490 1209 manu
509 1172 669 1222 decerpi
688 1173 828 1209 iubent
848 1179 889 1209 et
908 1175 1020 1209 iuxta
1038 1175 1188 1209 cinctus
1207 1172 1370 1222 alligari.

194 1226 357 1275 prodest
377 1232 419 1262 et
437 1226 662 1262 coxendicis
681 1225 805 1262 dolori
825 1225 1051 1275 adalligata.

243 1279 330 1315 XX.
361 1280 541 1329 Ascyron
562 1285 604 1316 et
625 1279 848 1329 ascyroides
869 1280 1010 1315 similia
1030 1285 1123 1315 sunt
1142 1281 1248 1315 inter
1267 1291 1309 1315 se
1330 1284 1373 1315 et

194 1331 396 1382 hyperico,
422 1332 493 1369 sed
518 1335 686 1369 maiores
712 1332 836 1369 habet
861 1345 990 1368 ramos
1017 1332 1123 1381 quod
1149 1331 1372 1382 ascyroides

194 1392 370 1429 vocatur,
411 1385 644 1429 ferulaceos,
688 1385 904 1426 †0mnia†2
943 1386 1148 1428 rubentes,
1188 1384 1371 1434 capitulis

194 1442 337 1488 parvis,
357 1438 488 1475 luteis.
544 1452 681 1475 semen
708 1442 749 1475 in
777 1439 949 1475 caliculis
976 1438 1178 1488 pusillum,
1200 1441 1370 1488 nigrum,

194 1495 425 1529 resinosum.
480 1505 616 1529 comae
650 1495 771 1528 tritae
806 1492 916 1529 velut
949 1498 1175 1534 cruentant,
1210 1504 1288 1540 qua
1320 1491 1371 1528 de

247 1589 256 1607 ¹
281 1589 517 1620 securiclatum
542 1589 581 1620 V.
602 1589 775 1628 Detlessen,
796 1588 968 1629 Maykoff:
996 1588 1209 1620 securidacae
1232 1588 1370 1619 Hermo-

199 1632 272 1662 laus
286 1632 464 1663 Barbarus.
511 1631 560 1663 Cf.
577 1632 711 1667 XVIII,
728 1633 742 1671 ξ
761 1632 831 1663 155.

245 1676 256 1694 ²
279 1675 394 1706 omnia
409 1673 519 1706 codd.:
549 1675 687 1706 omnino
706 1674 808 1714 vu19.:
839 1684 936 1705 coma
952 1673 1116 1714 Mayhoff.

238 1835 253 1849 ⁰
275 1830 488 1862 Dioscorides
521 1831 590 1870 (ΙΙΙ
624 1832 711 1870 134),
743 1841 821 1871 says
852 1830 880 1861 it
910 1830 938 1861 is
969 1829 1029 1861 the
1060 1829 1172 1861 leaves
1202 1829 1281 1861 that
1311 1839 1368 1860 are

196 1873 411 1914 ἐντετμημένα
427 1874 496 1905 and
512 1873 635 1905 ἄνωθεν
651 1872 770 1913 χλωρά.

239 1917 251 1936 ¹⁹
274 1916 487 1948 Dioscorides
503 1916 563 1947 has
579 1915 698 1956 ἡμέρας
714 1915 963 1955 τεσσαράκοντα.

241 1965 252 1979 ⁶
274 1960 345 1991 The
362 1959 472 1991 Greek
488 1958 619 1999 βουβών
633 1969 750 1990 means
769 1959 787 1970 “
801 1958 931 2000 groin.”

239 2000 253 2020 ‘³
275 2003 292 2033 Ι
310 2002 398 2033 have
416 2002 478 2033 left
495 2002 555 2033 the
572 2002 686 2033 omnia
705 2001 743 2032 of
756 2001 816 2032 the
834 2001 927 2033 MSS.
947 2001 1065 2032 within
1084 2001 1235 2041 daggers,
1254 2010 1291 2031 as
1308 1999 1367 2031 the

193 2056 286 2077 coma
313 2045 352 2076 of
374 2045 531 2085 Mayhoff
555 2045 635 2076 does
661 2048 724 2076 not
751 2045 912 2076 convince
939 2054 1004 2075 me.
1051 2043 1263 2075 Dioscorides
1289 2053 1367 2083 says

196 2089 264 2128 (ΠΙ
282 2089 356 2128 155)
370 2087 450 2119 that
462 2088 491 2119 it
503 2088 532 2118 is
546 2088 605 2119 the
620 2087 740 2128 καρπός
753 2087 792 2118 of
801 2098 944 2128 ascyron
958 2086 1037 2118 that
1051 2087 1157 2118 stains
1169 2086 1238 2122 red,
1250 2085 1319 2117 and
1332 2084 1372 2117 of

194 2162 265 2195 410
