1459 2288
396 161 591 199 PLINY:
636 161 899 198 NATURAL
932 160 1168 198 HISTORY

193 278 309 302 sensu
333 267 440 302 omni
463 277 590 313 aeque
615 277 735 312 quam
758 264 892 300 dolore
915 266 955 299 in
979 275 1027 299 ea
1048 269 1163 312 parte
1186 265 1368 313 corporis.

127 325 167 355 25
194 320 263 356 sed
283 332 385 368 quae
406 317 482 354 fuit
501 320 616 353 venia
636 318 882 354 monstrandi
902 330 981 366 qua
999 322 1155 353 mentes
1175 317 1371 354 solveren-

193 379 271 416 tur,
297 378 433 421 partus
461 371 718 413 eliderentur,
743 371 950 420 multaque
976 370 1144 406 similia?
1199 383 1273 420 ego
1299 383 1371 406 nec

194 427 373 462 abortiva
394 426 482 462 dico
505 437 549 460 ac
571 437 620 460 ne
644 426 837 460 amatoria
859 424 1034 473 quidem,
1055 436 1207 460 memor
1230 423 1372 460 Lucul-

193 479 275 516 lum
300 482 583 528 imperatorem
609 477 867 513 clarissimum
893 479 1086 513 amatorio
1111 479 1273 526 perisse,
1299 490 1372 513 nec

194 532 271 568 alia
309 535 464 582 magica
501 537 702 581 portenta,
741 533 814 567 nisi
852 531 919 567 ubi
958 530 1135 567 cavenda
1171 536 1265 567 sunt
1303 535 1372 566 aut

194 586 460 635 coarguenda,
494 588 533 621 in
567 587 702 634 primis
737 584 814 620 fide
850 597 986 620 eorum
1020 583 1222 620 damnata.
1277 586 1371 620 satis

194 652 339 688 operae
362 638 482 675 fuerit
504 638 743 686 abundeque
766 643 1029 687 praestatum,
1051 639 1157 674 vitae
1179 637 1372 673 salutares

193 693 339 730 dixisse
357 692 371 714 1
392 705 436 728 ac
455 706 525 741 pro
546 705 593 728 ea
612 694 806 727 inventas,

127 751 167 782 26
244 746 356 782 VIII.
387 746 612 782 Clarissima
628 744 840 781 herbarum
859 750 920 780 est
937 744 1113 781 Homero
1129 750 1236 781 teste
1253 757 1372 793 quam

193 802 322 836 vocari
341 813 363 836 a
381 800 440 836 dis
459 804 576 848 putat
594 798 700 848 moly
720 803 762 834 et
779 800 1051 834 inventionem
1070 800 1153 834 eius
1174 797 1374 834 Mercurio

195 853 380 902 adsignat
426 858 643 901 contraque
690 865 845 887 summa
891 851 1082 887 veneficia
1127 851 1373 888 demonstra-

195 909 358 942 tionem.
413 908 520 942 nasci
564 919 652 941 eam
695 904 813 941 hodie
856 907 958 941 circa
1001 903 1207 940 Pheneum
1250 910 1292 941 et
1333 906 1373 940 in

196 959 361 1009 Cyllene
379 960 573 996 Arcadiae
590 958 756 995 tradunt
772 961 903 1007 specie
917 957 986 994 illa
1002 957 1227 1001 Homerica,
1242 957 1374 994 radice

195 1014 367 1050 rotunda
395 1016 602 1063 nigraque,
632 1012 909 1061 magnitudine
939 1024 1075 1060 cepae,
1105 1010 1199 1048 folio
1228 1010 1374 1053 scillae,

129 1071 167 1101 27
196 1066 311 1103 effodi
361 1073 496 1103 autem
543 1065 677 1102 haud2
724 1065 945 1101 difficulter.
1002 1064 1143 1101 Graeci
1193 1070 1373 1100 auctores

196 1119 331 1156 florem
354 1123 436 1156 eius
456 1120 610 1156 luteum
632 1121 810 1168 pinxere,
831 1132 921 1154 cum
941 1118 1140 1154 Homerus
1161 1117 1375 1154 candidum

197 1175 409 1222 scripserit.
448 1175 580 1209 inveni
598 1185 619 1208 e
635 1174 773 1222 peritis
790 1171 1003 1208 herbarum
1016 1172 1178 1208 medicis
1195 1173 1261 1220 qui
1278 1176 1320 1207 et
1334 1173 1373 1207 in

197 1226 315 1263 Italia
331 1229 437 1263 nasci
454 1239 541 1262 eam
558 1227 723 1268 diceret,
737 1224 963 1274 adferrique
981 1238 1002 1261 e
1016 1224 1234 1274 Campania
1248 1223 1345 1260 mihi
1359 1223 1375 1246 ³

196 1279 348 1329 aliquot
378 1280 517 1316 diebus
548 1280 686 1328 <posse
704 1278 743 1328 4>
779 1278 959 1315 effossam
988 1281 1094 1315 inter
1121 1277 1374 1315 difficultates

247 1356 259 1374 ¹
284 1356 421 1396 dixisse]
435 1356 486 1387 hic
500 1356 653 1387 lacunam
667 1355 791 1386 indicat
805 1356 824 1386 I
825 1366 922 1392 anus,
938 1365 1031 1395 quem
1043 1354 1188 1395 sequitur
1203 1354 1245 1385 M
1245 1354 1360 1395 ayhoff
1365 1367 1372 1386 :

204 1398 222 1410 “
238 1399 393 1430 eoeciclisse
417 1399 564 1430 videntur
587 1410 606 1430 a
630 1399 681 1430 dis
705 1399 865 1440 prisc-isve
882 1397 922 1430 ”:
946 1408 1013 1429 non
1035 1408 1096 1438 pro
1118 1408 1157 1428 ea
1180 1397 1235 1429 sed
1256 1401 1375 1438 postea

199 1442 398 1516 cozdautem
418 1485 509 1515 haud
529 1495 605 1523 eqo:
639 1484 731 1515 haud
750 1484 870 1524 Silliq:
903 1487 1019 1515 autem
1039 1483 1224 1523 Detlessen:
1259 1487 1375 1514 autem

201 1538 268 1581 non
285 1528 356 1581 ἱ(ιζεζ.
377 1531 456 1582 aute
476 1527 696 1582 1'1)'„=]{ayhoff.
744 1527 793 1580 (Jf.
817 1527 1031 1567 Theophrasti
1051 1527 1096 1558 H.
1109 1527 1149 1558 P.
1166 1526 1234 1563 IX,
1251 1527 1303 1563 15,
1321 1527 1335 1566 §
1355 1527 1374 1557 7

199 1583 237 1602 ου
246 1583 476 1645 μζὶῑιςυεᾮῗιιίν
487 1583 512 1645 εγ
525 1570 700 1644 1]ῑὲνὲιὲἀαῖ
702 1582 799 1649 ἶιῖῖιέ,
818 1612 982 1652 Detlefsen
997 1624 1004 1644 :
1035 1611 1192 1643 autumni
1210 1611 1252 1642 Μ
1253 1611 1373 1652 ayhoff.

246 1657 258 1674 ⁴¹
282 1667 380 1698 posse
397 1667 451 1696 eqo
467 1657 593 1688 addidi.

237 1730 252 1745 ‘¹
275 1727 346 1757 The
373 1726 531 1767 negative
557 1726 586 1756 is
613 1726 725 1757 added
753 1726 896 1756 because
923 1725 962 1756 of
984 1725 1043 1756 the
1069 1725 1180 1756 words
1207 1724 1246 1755 of
1268 1724 1373 1755 Theo·

194 1769 354 1811 phrastus
374 1770 475 1810 given
490 1769 525 1800 in
545 1769 604 1800 the
622 1768 750 1800 critical
769 1772 861 1800 note.
908 1768 1067 1799 Homer's
1086 1767 1292 1809 description
1309 1767 1358 1798 is:

320 1822 392 1863 ῥίζῃ
408 1821 467 1863 μὲν
482 1822 583 1863 μέλαν
599 1821 684 1858 ἔσκε,
700 1822 837 1861 γάλακτι
855 1820 889 1853 δὲ
905 1821 1028 1853 εἴκελον
1042 1821 1146 1854 ἄνθος·

321 1865 413 1906 μῶλυ
429 1865 464 1897 δέ
479 1879 535 1906 μιν
551 1864 702 1897 καλέουσι
720 1864 797 1896 θεοί.
843 1864 986 1904 χαλεπὸν
1002 1864 1037 1895 δέ
1051 1863 1080 1895 τ’
1097 1864 1245 1904 ὀρύσσειν

320 1908 453 1949 ἀνδράσι
470 1920 508 1948 γε
525 1907 678 1948 θνητοῖσι·
705 1906 770 1938 θεοὶ
787 1907 823 1938 δέ
838 1919 872 1938 τε
890 1907 993 1938 πάντα
1009 1906 1128 1938 ἴσασιν.

957 1949 1101 1990 Odyssey
1118 1949 1151 1980 X
1167 1949 1329 1982 304—306.

241 2010 252 2029 ὁ
276 2011 346 2041 The
363 2010 555 2041 difficulties
571 2010 609 2041 of
621 2010 689 2040 this
705 2013 862 2040 sentence
879 2019 968 2040 seem
984 2012 1020 2039 to
1035 2019 1088 2039 me
1104 2012 1141 2039 to
1156 2008 1197 2039 be
1212 2007 1373 2043 1essened,

196 2054 258 2085 but
273 2057 334 2084 not
350 2053 435 2094 fully
451 2052 579 2089 solved‚
596 2053 642 2093 by
657 2053 838 2093 emending
852 2052 937 2083 mihi
952 2055 989 2083 to
1003 2051 1142 2083 memini
1157 2061 1195 2082 or
1208 2051 1371 2082 autumni⁴

198 2118 265 2155 154
