1459 2288
122 335 181 367 154

121 583 180 614 155

120 1015 179 1047 156

120 1448 178 1480 157

408 164 602 202 PLINY:
648 166 911 203 NATURAL
945 166 1181 204 HISTORY

208 275 403 313 tamnum,
420 269 490 306 sed
505 282 662 306 menses
679 272 759 306 ciet
775 283 863 306 cum
880 283 990 307 mero
1006 270 1215 307 decoctum
1232 271 1383 308 denarii

206 331 395 381 pondere.
450 330 626 380 plurimis
643 337 781 367 tamen
798 331 924 367 modis
942 331 1190 368 aristolochia
1207 333 1382 381 prodest,

208 406 300 429 nam
325 398 367 429 et
389 405 546 429 menses
571 398 613 429 et
636 392 828 429 secundas
853 395 932 429 ciet
956 399 998 430 et
1023 399 1221 430 emortuos
1244 400 1382 444 partus

209 453 397 497 extrahit,
425 467 558 490 murra
586 460 628 490 et
655 457 792 504 pipere
822 454 967 491 additis
994 461 1091 504 pota
1119 455 1183 492 vel
1209 456 1380 493 subdita.

207 516 338 552 volvas
359 529 518 565 quoque
536 515 788 565 procidentes
806 515 963 553 inhibet
981 515 1068 553 fotu
1088 516 1151 553 vel
1169 517 1301 554 suffitu
1320 517 1384 554 vel

208 578 402 621 subiectu,
454 580 627 614 maxime
679 580 823 614 tenuis.
878 578 1171 628 strangulatum
1222 579 1272 615 ab
1322 579 1382 616 his

206 652 469 688 mensumque
499 638 775 676 difficultatem
805 642 1006 689 agaricum
1035 639 1159 676 obolis
1188 641 1314 677 tribus
1342 643 1383 677 in

207 704 286 737 xini
309 703 454 738 veteris
479 700 624 750 cyatho
653 706 793 750 potum
823 701 1025 745 emendat,
1049 704 1286 751 peristereos
1316 702 1383 739 ad-

207 765 336 813 posita
351 765 392 799 in
409 762 525 812 adipe
543 762 656 798 suillo
672 765 838 806 recenti,
855 762 1101 800 antirrhinon
1118 776 1208 800 cum
1223 777 1383 801 rosaceo

208 831 249 862 et
268 824 399 861 melle.
453 826 551 860 item
571 824 753 873 adposita
770 824 1022 874 nymphaeae
1039 825 1252 862 Thessalae
1270 826 1383 862 radix

207 886 330 923 dolori
351 885 550 929 medetur,
571 888 611 922 in
633 888 723 922 vino
745 889 856 936 nigro
878 892 974 935 pota
994 886 1186 936 profluvia
1206 887 1383 931 inhibet;

208 961 230 985 e
257 948 412 984 diverso
440 950 519 984 ciet
547 947 754 998 cyclamini
783 947 894 984 radix
923 954 1020 997 pota
1048 954 1090 985 et
1117 948 1312 998 adposita,
1342 955 1384 986 et

206 1012 359 1046 vesicae
373 1009 633 1046 insidentium
648 1009 813 1046 decocto
827 1009 1025 1047 medetur.
1080 1010 1272 1047 secundas
1288 1017 1384 1060 pota

207 1070 491 1108 cissanthemos
523 1071 651 1120 pellit,
683 1071 837 1107 volvam
870 1077 996 1108 sanat.
1053 1085 1074 1108 e
1106 1072 1240 1121 xiphio
1271 1072 1383 1109 radix

207 1135 384 1183 superior
400 1146 557 1169 menses
576 1135 654 1169 ciet
672 1132 861 1170 drachma
879 1146 927 1170 ex
947 1139 1061 1170 aceto
1078 1140 1185 1183 pota.
1240 1147 1383 1184 peuce-

207 1195 355 1232 danum
392 1194 662 1244 strangulatus
698 1195 837 1232 volvae
872 1195 1010 1232 nidore
1046 1201 1180 1232 ustum
1215 1202 1382 1240 recreat,

206 1270 363 1294 menses
384 1256 492 1292 albos
508 1255 523 1278 1
542 1259 755 1306 praecipue
774 1257 944 1307 psyllion
964 1257 1152 1294 drachma
1169 1260 1211 1294 in
1230 1257 1383 1308 cyathis

208 1319 333 1356 tribus
372 1332 514 1368 aquae,
547 1331 684 1355 semen
722 1318 1010 1368 mandragorae
1048 1325 1189 1368 potum
1226 1319 1382 1356 volvam

204 1386 364 1431 purgat,
382 1393 540 1417 menses
560 1383 639 1416 ciet
657 1393 771 1416 sucus
791 1380 995 1430 adpositus
1016 1387 1057 1417 et
1077 1387 1277 1418 emortuos
1296 1395 1383 1431 par-

206 1448 282 1479 tus.
338 1444 459 1478 nimia
488 1455 620 1478 rursus
651 1441 842 1491 profluvia
872 1444 977 1479 sistit
1008 1455 1145 1479 semen
1176 1456 1265 1479 cum
1296 1445 1383 1480 vivo

208 1503 408 1553 sulphure,
438 1510 576 1540 contra
605 1517 652 1540 ea
680 1506 759 1540 ciet
787 1503 1036 1540 batrachium
1064 1510 1162 1554 potu
1192 1504 1255 1541 vel
1282 1505 1382 1549 cibo,

208 1566 350 1602 ardens
376 1565 485 1609 alias,
510 1571 556 1602 ut
581 1565 765 1609 diximus,
792 1565 926 1609 cruda,
952 1566 1022 1602 sed
1048 1572 1159 1603 cocta
1184 1579 1383 1603 commen-

207 1628 326 1664 datur
347 1627 427 1664 sale
450 1633 491 1664 et
512 1627 600 1664 oleo
622 1633 664 1664 et
685 1630 852 1664 cumino.
907 1627 1077 1664 daucum
1100 1634 1142 1665 et
1162 1641 1318 1665 menses
1341 1634 1383 1666 et

207 1689 399 1726 secundas
450 1695 547 1738 potu
599 1688 783 1725 facillime
834 1689 961 1738 pellit,
1012 1689 1199 1726 ladanum
1250 1690 1382 1727 suffitu

255 1791 274 1864 ll
298 1790 392 1822 albos
406 1791 433 1822 T
448 1790 620 1831 Detlessen,
636 1791 677 1821 M
679 1790 792 1831 ayhoff
803 1803 809 1821 :
837 1790 914 1822 albo
930 1790 983 1821 Vd
998 1802 1004 1821 :
1033 1790 1127 1822 alvos
1141 1791 1169 1822 E
1185 1803 1192 1822 ε
1220 1791 1381 1832 alvosque

212 1845 252 1865 vu
264 1844 294 1873 9.

472 1998 486 2011 ⁴²
510 1993 628 2034 Again.
646 1997 673 2023 et
689 2004 768 2034 may
785 2004 883 2025 mean
901 1993 978 2024 here
996 1993 1015 2005 “
1031 1992 1133 2025 and.‘’

474 2036 486 2055 ¹²
509 2038 569 2067 See
588 2036 717 2074 XXV§
738 2037 807 2068 173.

206 2099 275 2147 378
