1459 2288
97 543 158 574 100

98 859 153 890 101

99 1285 156 1316 102

369 169 564 206 PLINY:
612 169 875 206 NATURAL
909 168 1146 206 HISTORY

174 272 314 321 lapillis
336 271 548 308 drachmae
571 271 746 321 pondere
769 274 873 321 potis
895 273 935 307 in
957 273 1047 308 vino
1069 271 1159 308 albo
1181 271 1349 309 calculos

175 325 301 375 frangi
352 325 527 374 pellique
577 330 734 362 constat
784 330 827 361 et
875 327 1142 374 stranguriam
1191 325 1347 362 discuti.

175 391 305 427 neque
334 381 374 414 in
403 378 479 414 alia
506 377 719 414 herbarum
747 377 843 414 fides
873 383 933 414 est
957 378 1130 421 certior,1
1151 378 1201 414 ad
1230 391 1349 428 quam

174 431 412 468 medicinam
430 437 526 468 nata
544 434 608 474 sit,
627 437 688 468 est
706 437 843 468 autem
859 430 874 453 2
893 433 975 467 eius
994 434 1144 480 species
1163 437 1208 468 ut
1227 435 1348 468 etiarn

175 488 258 521 sine
279 491 440 521 auctore
460 487 543 520 visu
563 487 699 521 statim
719 486 824 520 nosci
844 487 979 533 possit.

228 537 387 574 LXXV.
418 537 536 587 Lapis
557 537 726 587 vulgaris
747 540 860 574 iuxta
883 536 1045 574 flumina
1069 536 1147 574 fert
1172 551 1351 574 muscum

176 594 335 634 siccum,
373 604 527 627 canum.
582 590 644 627 hic
681 589 844 627 fricatur
881 590 1008 627 altero
1045 590 1175 640 lapide
1213 590 1352 628 addita

174 644 341 681 hominis
379 644 513 687 saliva,
550 643 617 680 illo
654 643 786 693 lapide
822 646 1002 693 tangitur
1037 646 1228 694 inpetigo.
1284 647 1351 694 qui

176 700 306 747 tangit
326 698 443 734 dicit:

237 769 412 824 φεύγετε
433 769 689 824 κανθαρίδες,
708 769 834 815 λύκος
854 770 998 824 ἄγριος
1017 769 1119 823 αἷμα
1140 770 1297 812 διώκει.

227 853 408 890 LXXVI.
440 853 622 889 Limeum
652 852 777 890 herba
807 852 1031 902 appellatur
1062 866 1085 889 a
1117 852 1242 889 Gallis
1274 866 1352 902 qua

177 910 344 957 sagittas
391 910 431 943 in
479 912 627 943 venatu
674 909 839 956 tingunt
886 906 1194 950 medicamento,
1243 906 1349 956 quod

177 973 375 997 venenum
401 963 619 996 cervarium
645 966 800 996 vocant.
856 972 905 996 ex
931 959 1004 996 hac
1029 962 1069 996 in
1096 966 1176 996 tres
1202 960 1353 997 modios

176 1014 329 1050 salivati
345 1013 507 1050 additur
523 1019 718 1062 quantum
733 1016 773 1049 in
788 1026 909 1049 unam
925 1015 1114 1063 sagittam
1130 1012 1224 1050 addi
1238 1013 1353 1056 solet,

176 1070 233 1104 ita
252 1066 327 1103 offa
346 1067 574 1103 demittitur
591 1067 713 1103 boum
733 1065 911 1103 faucibus
930 1069 970 1102 in
990 1067 1147 1103 morbis.
1202 1066 1353 1116 alligari

176 1126 317 1170 postea
357 1120 408 1157 ad
449 1123 657 1169 praesepia
697 1125 871 1169 oportet,
912 1119 1039 1156 donec
1080 1126 1352 1169 purgentur—-

175 1176 345 1210 insanire
391 1176 497 1210 enim
543 1173 756 1210 solent—si
802 1173 921 1210 sudor
965 1176 1200 1222 insequitur,
1246 1186 1350 1222 aqua

176 1226 318 1277 frigida
333 1226 530 1276 perfundi.

228 1280 431 1317 LXXVII.
462 1280 594 1317 Leuce
634 1279 906 1316 mercurialisss
944 1279 1078 1316 similis
1118 1292 1263 1316 nomen
1302 1292 1350 1316 ex

177 1347 295 1370 causa
333 1336 500 1383 accepit,
540 1347 610 1382 per
648 1333 826 1369 medium
865 1331 1004 1369 folium
1043 1333 1213 1369 candida
1250 1333 1354 1370 linea

177 1393 488 1430 transcurrente,
528 1399 649 1435 quare
689 1386 957 1423 mesoleucion
996 1386 1159 1435 quidam
1198 1392 1352 1423 vocant.

177 1454 291 1477 sucus
320 1443 403 1477 eius
431 1440 582 1477 fistulas
610 1446 738 1483 sanat,
765 1442 851 1489 ipsa
877 1442 1048 1476 contrita
1075 1442 1352 1476 carcinomata.

177 1493 352 1530 fortassis
387 1494 528 1530 eadem
560 1496 611 1530 sit
645 1506 747 1542 quae
780 1493 910 1529 leucas
944 1492 1183 1541 appellatur,
1215 1499 1353 1530 contra

176 1550 327 1584 marina
346 1550 478 1583 omnia
497 1560 651 1583 venena
671 1546 819 1583 efficax.
875 1549 1048 1595 speciem
1068 1549 1150 1583 eius
1171 1552 1351 1583 auctores

228 1640 239 1659 ¹
264 1641 385 1672 certior
403 1640 560 1680 Mayhoff
571 1652 578 1671 z
610 1649 720 1679 aequa
737 1638 901 1679 Detlefsen
917 1651 923 1670 ι
958 1639 1031 1670 visu
1051 1640 1168 1670 statim
1187 1639 1276 1670 codd.

226 1683 239 1702 ²
261 1686 313 1714 est
330 1687 446 1714 autem
468 1683 563 1722 vuly„
582 1682 745 1722 Detlefsen
761 1694 767 1713 :
800 1681 877 1713 talis
895 1685 1011 1713 autem
1030 1681 1187 1722 Illayhoff
1198 1694 1204 1712 :
1237 1685 1352 1713 autem

184 1726 467 1852 YIQJZIegccurialis
501 1767 604 1804 codd„
639 1768 758 1804 Ianus,
795 1767 959 1808 Detlefsen
975 1779 981 1798 :
1031 1766 1219 1798 Mercuriali
1257 1767 1351 1806 vulg„

186 1829 196 1843 r
225 1823 267 1853 ay
291 1823 308 1842 ο
338 1836 345 1843 .

229 1957 242 1971 '²
266 1953 332 1984 For
349 1952 512 1984 cantheris
529 1963 583 1984 see
602 1952 699 1984 Book
718 1951 841 1983 XVIII
859 1952 874 1991 ξ
891 1952 962 1983 152.

228 1995 239 2013 '²
262 1995 419 2036 Mayhoff
433 1995 550 2027 thinks
569 1995 648 2027 that
666 1995 777 2031 tritici,
795 2005 832 2026 or
851 2005 943 2025 some
962 1994 1044 2026 such
1064 1993 1166 2030 word,
1184 1993 1210 2024 is
1231 1994 1350 2024 under-

178 2039 277 2070 stood
296 2039 378 2069 with
395 2038 537 2069 salivati.
586 2039 654 2069 But
671 2039 740 2069 this
756 2039 783 2069 is
799 2041 860 2069 not
876 2048 1063 2078 necessary.

180 2113 251 2148 450
