<?xml version="1.0" encoding="UTF-8"?>
<!DOCTYPE html PUBLIC "-//W3C//DTD XHTML 1.0 Transitional//EN"
    "http://www.w3.org/TR/xhtml1/DTD/xhtml1-transitional.dtd">
<html xmlns="http://www.w3.org/1999/xhtml" xml:lang="en" lang="en">
 <head>
  <title>
</title>
<meta http-equiv="Content-Type" content="text/html;charset=utf-8" />
  <meta name='ocr-system' content='tesseract 3.04.00' />
  <meta name='ocr-capabilities' content='ocr_page ocr_carea ocr_par ocr_line ocrx_word'/>
</head>
<body>
  <div class='ocr_page' id='page_1' title='image "./naturalhistory07plinuoft_0114.png"; bbox 0 0 1459 2288; ppageno 0'>
   <div class='ocr_carea' id='block_1_1' title="bbox 82 529 137 559">
    <p class='ocr_par' dir='ltr' id='par_1_1' title="bbox 82 529 137 559">
     <span class='ocr_line' id='line_1_1' title="bbox 82 529 137 559; baseline 0 -1"><span class='ocrx_word' id='word_1_1' title='bbox 82 529 137 559; x_wconf 90' lang='lat'>131</span> 
     </span>
    </p>
   </div>
   <div class='ocr_carea' id='block_1_2' title="bbox 83 1007 141 1038">
    <p class='ocr_par' dir='ltr' id='par_1_2' title="bbox 83 1007 141 1038">
     <span class='ocr_line' id='line_1_2' title="bbox 83 1007 141 1038; baseline 0 -1"><span class='ocrx_word' id='word_1_2' title='bbox 83 1007 141 1038; x_wconf 82' lang='lat'>132</span> 
     </span>
    </p>
   </div>
   <div class='ocr_carea' id='block_1_3' title="bbox 82 1326 141 1358">
    <p class='ocr_par' dir='ltr' id='par_1_3' title="bbox 82 1326 141 1358">
     <span class='ocr_line' id='line_1_3' title="bbox 82 1326 141 1358; baseline 0 -1"><span class='ocrx_word' id='word_1_3' title='bbox 82 1326 141 1358; x_wconf 89' lang='grc'>133</span> 
     </span>
    </p>
   </div>
   <div class='ocr_carea' id='block_1_4' title="bbox 375 154 1150 192">
    <p class='ocr_par' dir='ltr' id='par_1_4' title="bbox 375 154 1150 192">
     <span class='ocr_line' id='line_1_4' title="bbox 375 154 1150 192; baseline 0 -1"><span class='ocrx_word' id='word_1_4' title='bbox 375 154 570 192; x_wconf 81' lang='lat' dir='ltr'>PLINY:</span> <span class='ocrx_word' id='word_1_5' title='bbox 616 154 880 192; x_wconf 89' lang='lat' dir='ltr'><strong>NATURAL</strong></span> <span class='ocrx_word' id='word_1_6' title='bbox 915 154 1150 192; x_wconf 90' lang='lat' dir='ltr'>HISTORY</span> 
     </span>
    </p>
   </div>
   <div class='ocr_carea' id='block_1_5' title="bbox 166 257 1353 1585">
    <p class='ocr_par' dir='ltr' id='par_1_5' title="bbox 166 257 1353 998">
     <span class='ocr_line' id='line_1_5' title="bbox 171 257 1352 307; baseline -0.001 -13"><span class='ocrx_word' id='word_1_7' title='bbox 171 270 349 307; x_wconf 88' lang='lat' dir='ltr'>quercus.</span> <span class='ocrx_word' id='word_1_8' title='bbox 404 257 467 293; x_wconf 86' lang='lat' dir='ltr'>alii</span> <span class='ocrx_word' id='word_1_9' title='bbox 484 262 676 293; x_wconf 84' lang='lat' dir='ltr'>serratam</span> <span class='ocrx_word' id='word_1_10' title='bbox 693 261 735 293; x_wconf 90' lang='lat' dir='ltr'>et</span> <span class='ocrx_word' id='word_1_11' title='bbox 755 257 804 293; x_wconf 85' lang='lat' dir='ltr'>ab</span> <span class='ocrx_word' id='word_1_12' title='bbox 821 269 869 293; x_wconf 89' lang='lat' dir='ltr'>ea</span> <span class='ocrx_word' id='word_1_13' title='bbox 883 269 1032 293; x_wconf 87' lang='lat' dir='ltr'>serram</span> <span class='ocrx_word' id='word_1_14' title='bbox 1046 258 1250 293; x_wconf 89' lang='lat' dir='ltr'>inventam</span> <span class='ocrx_word' id='word_1_15' title='bbox 1267 269 1352 293; x_wconf 92' lang='lat' dir='ltr'>esse</span> 
     </span>
     <span class='ocr_line' id='line_1_6' title="bbox 172 309 1350 360; baseline -0.001 -13"><span class='ocrx_word' id='word_1_16' title='bbox 172 311 372 353; x_wconf 78' lang='lat' dir='ltr'>dixerunt,</span> <span class='ocrx_word' id='word_1_17' title='bbox 395 309 489 346; x_wconf 90' lang='lat' dir='ltr'>flore</span> <span class='ocrx_word' id='word_1_18' title='bbox 512 323 640 359; x_wconf 89' lang='lat' dir='ltr'>paene</span> <span class='ocrx_word' id='word_1_19' title='bbox 662 322 873 359; x_wconf 87' lang='lat' dir='ltr'>purpureo.</span> <span class='ocrx_word' id='word_1_20' title='bbox 929 312 1104 358; x_wconf 81' lang='lat' dir='ltr'>carpitur</span> <span class='ocrx_word' id='word_1_21' title='bbox 1125 323 1350 360; x_wconf 82' lang='lat' dir='ltr'>praegnans</span> 
     </span>
     <span class='ocr_line' id='line_1_7' title="bbox 171 363 1349 412; baseline -0.001 -12"><span class='ocrx_word' id='word_1_22' title='bbox 171 377 263 400; x_wconf 90' lang='lat' dir='ltr'>suco</span> <span class='ocrx_word' id='word_1_23' title='bbox 291 366 332 399; x_wconf 92' lang='lat' dir='ltr'>in</span> <span class='ocrx_word' id='word_1_24' title='bbox 361 366 542 412; x_wconf 76' lang='lat' dir='ltr'><strong>petrosis,</strong></span> <span class='ocrx_word' id='word_1_25' title='bbox 573 363 760 399; x_wconf 81' lang='lat' dir='ltr'>adversus</span> <span class='ocrx_word' id='word_1_26' title='bbox 790 365 1038 412; x_wconf 72' lang='lat' dir='ltr'>serpentium</span> <span class='ocrx_word' id='word_1_27' title='bbox 1067 375 1223 399; x_wconf 85' lang='lat' dir='ltr'>venena</span> <span class='ocrx_word' id='word_1_28' title='bbox 1252 368 1349 412; x_wconf 92' lang='lat' dir='ltr'>potu</span> 
     </span>
     <span class='ocr_line' id='line_1_8' title="bbox 170 416 1349 466; baseline -0.001 -13"><span class='ocrx_word' id='word_1_29' title='bbox 170 417 365 466; x_wconf 87' lang='lat' dir='ltr'>inlituque</span> <span class='ocrx_word' id='word_1_30' title='bbox 384 416 664 459; x_wconf 80' lang='lat' dir='ltr'>efficacissima,</span> <span class='ocrx_word' id='word_1_31' title='bbox 682 419 780 452; x_wconf 91' lang='lat' dir='ltr'>item</span> <span class='ocrx_word' id='word_1_32' title='bbox 798 416 1016 459; x_wconf 80' lang='lat' dir='ltr'>stomacho,</span> <span class='ocrx_word' id='word_1_33' title='bbox 1034 418 1133 452; x_wconf 88' lang='lat' dir='ltr'>tussi</span> <span class='ocrx_word' id='word_1_34' title='bbox 1150 422 1349 459; x_wconf 89' lang='lat' dir='ltr'>vetustae,</span> 
     </span>
     <span class='ocr_line' id='line_1_9' title="bbox 171 469 1349 519; baseline -0.001 -13"><span class='ocrx_word' id='word_1_35' title='bbox 171 472 340 519; x_wconf 90' lang='lat' dir='ltr'>pituitae</span> <span class='ocrx_word' id='word_1_36' title='bbox 384 472 423 505; x_wconf 91' lang='lat' dir='ltr'>in</span> <span class='ocrx_word' id='word_1_37' title='bbox 466 469 560 519; x_wconf 86' lang='lat' dir='ltr'>gula</span> <span class='ocrx_word' id='word_1_38' title='bbox 602 469 913 513; x_wconf 87' lang='lat' dir='ltr'>cohaerescenti,</span> <span class='ocrx_word' id='word_1_39' title='bbox 957 472 1098 518; x_wconf 88' lang='lat' dir='ltr'>ruptis,</span> <span class='ocrx_word' id='word_1_40' title='bbox 1141 469 1349 513; x_wconf 87' lang='lat' dir='ltr'>convulsis,</span> 
     </span>
     <span class='ocr_line' id='line_1_10' title="bbox 166 522 1349 565; baseline -0.001 -6"><span class='ocrx_word' id='word_1_41' title='bbox 166 523 300 559; x_wconf 89' lang='lat' dir='ltr'>lateris</span> <span class='ocrx_word' id='word_1_42' title='bbox 357 523 571 559; x_wconf 89' lang='lat' dir='ltr'>doloribus.</span> <span class='ocrx_word' id='word_1_43' title='bbox 626 522 773 559; x_wconf 89' lang='lat' dir='ltr'>lienem</span> <span class='ocrx_word' id='word_1_44' title='bbox 829 525 1038 565; x_wconf 79' lang='lat' dir='ltr'>consumit,</span> <span class='ocrx_word' id='word_1_45' title='bbox 1094 525 1250 559; x_wconf 85' lang='lat' dir='ltr'>urinam</span> <span class='ocrx_word' id='word_1_46' title='bbox 1307 528 1349 559; x_wconf 91' lang='lat' dir='ltr'>et</span> 
     </span>
     <span class='ocr_line' id='line_1_11' title="bbox 171 575 1350 626; baseline 0 -14"><span class='ocrx_word' id='word_1_47' title='bbox 171 589 328 613; x_wconf 86' lang='lat' dir='ltr'>menses</span> <span class='ocrx_word' id='word_1_48' title='bbox 359 579 450 619; x_wconf 91' lang='lat' dir='ltr'>ciet,</span> <span class='ocrx_word' id='word_1_49' title='bbox 481 577 532 612; x_wconf 91' lang='lat' dir='ltr'>ob</span> <span class='ocrx_word' id='word_1_50' title='bbox 562 576 602 612; x_wconf 90' lang='lat' dir='ltr'>id</span> <span class='ocrx_word' id='word_1_51' title='bbox 632 576 913 625; x_wconf 81' lang='lat' dir='ltr'>incipientibus</span> <span class='ocrx_word' id='word_1_52' title='bbox 943 575 1168 626; x_wconf 85' lang='lat' dir='ltr'>hydropicis</span> <span class='ocrx_word' id='word_1_53' title='bbox 1199 575 1350 619; x_wconf 83' lang='lat' dir='ltr'>efficax,</span> 
     </span>
     <span class='ocr_line' id='line_1_12' title="bbox 170 628 1351 678; baseline -0.001 -12"><span class='ocrx_word' id='word_1_54' title='bbox 170 629 419 666; x_wconf 84' lang='lat' dir='ltr'>manualibus</span> <span class='ocrx_word' id='word_1_55' title='bbox 453 632 579 678; x_wconf 86' lang='lat' dir='ltr'>scopis</span> <span class='ocrx_word' id='word_1_56' title='bbox 625 632 708 666; x_wconf 88' lang='lat' dir='ltr'>eius</span> <span class='ocrx_word' id='word_1_57' title='bbox 752 631 793 665; x_wconf 89' lang='lat' dir='ltr'>in</span> <span class='ocrx_word' id='word_1_58' title='bbox 837 629 964 666; x_wconf 89' lang='lat' dir='ltr'>tribus</span> <span class='ocrx_word' id='word_1_59' title='bbox 1008 628 1177 665; x_wconf 76' lang='lat' dir='ltr'>heminis</span> <span class='ocrx_word' id='word_1_60' title='bbox 1223 642 1351 678; x_wconf 89' lang='lat' dir='ltr'>aquae</span> 
     </span>
     <span class='ocr_line' id='line_1_13' title="bbox 172 681 1351 731; baseline -0.001 -12"><span class='ocrx_word' id='word_1_61' title='bbox 172 683 344 719; x_wconf 84' lang='lat' dir='ltr'>decoctis</span> <span class='ocrx_word' id='word_1_62' title='bbox 375 695 499 731; x_wconf 90' lang='lat' dir='ltr'>usque</span> <span class='ocrx_word' id='word_1_63' title='bbox 529 682 579 719; x_wconf 90' lang='lat' dir='ltr'>ad</span> <span class='ocrx_word' id='word_1_64' title='bbox 607 685 759 719; x_wconf 88' lang='lat' dir='ltr'>tertias.</span> <span class='ocrx_word' id='word_1_65' title='bbox 815 681 967 719; x_wconf 85' lang='lat' dir='ltr'>faciunt</span> <span class='ocrx_word' id='word_1_66' title='bbox 996 688 1038 719; x_wconf 91' lang='lat' dir='ltr'>et</span> <span class='ocrx_word' id='word_1_67' title='bbox 1066 682 1243 731; x_wconf 88' lang='lat' dir='ltr'>pastillos</span> <span class='ocrx_word' id='word_1_68' title='bbox 1272 688 1351 719; x_wconf 90' lang='lat' dir='ltr'>ter-</span> 
     </span>
     <span class='ocr_line' id='line_1_14' title="bbox 173 735 1352 785; baseline 0 -13"><span class='ocrx_word' id='word_1_69' title='bbox 173 742 286 772; x_wconf 90' lang='lat' dir='ltr'>entes</span> <span class='ocrx_word' id='word_1_70' title='bbox 311 749 399 772; x_wconf 90' lang='lat' dir='ltr'>eam</span> <span class='ocrx_word' id='word_1_71' title='bbox 424 749 473 772; x_wconf 83' lang='lat' dir='ltr'>ex</span> <span class='ocrx_word' id='word_1_72' title='bbox 497 749 601 785; x_wconf 90' lang='lat' dir='ltr'>aqua</span> <span class='ocrx_word' id='word_1_73' title='bbox 623 735 673 772; x_wconf 87' lang='lat' dir='ltr'>ad</span> <span class='ocrx_word' id='word_1_74' title='bbox 702 749 821 785; x_wconf 90' lang='lat' dir='ltr'>supra</span> <span class='ocrx_word' id='word_1_75' title='bbox 850 735 969 772; x_wconf 79' lang='lat' dir='ltr'>dicta.</span> <span class='ocrx_word' id='word_1_76' title='bbox 1024 741 1139 772; x_wconf 91' lang='lat' dir='ltr'>sanat</span> <span class='ocrx_word' id='word_1_77' title='bbox 1162 741 1204 772; x_wconf 91' lang='lat' dir='ltr'>et</span> <span class='ocrx_word' id='word_1_78' title='bbox 1233 738 1352 772; x_wconf 91' lang='lat' dir='ltr'>vomi-</span> 
     </span>
     <span class='ocr_line' id='line_1_15' title="bbox 173 788 1353 826; baseline 0 -1"><span class='ocrx_word' id='word_1_79' title='bbox 173 802 237 826; x_wconf 87' lang='lat' dir='ltr'>cas</span> <span class='ocrx_word' id='word_1_80' title='bbox 264 795 306 826; x_wconf 91' lang='lat' dir='ltr'>et</span> <span class='ocrx_word' id='word_1_81' title='bbox 331 794 469 826; x_wconf 86' lang='lat' dir='ltr'>vetera</span> <span class='ocrx_word' id='word_1_82' title='bbox 495 789 627 826; x_wconf 91' lang='lat' dir='ltr'>ulcera</span> <span class='ocrx_word' id='word_1_83' title='bbox 652 789 715 826; x_wconf 82' lang='lat' dir='ltr'>vel</span> <span class='ocrx_word' id='word_1_84' title='bbox 741 789 900 826; x_wconf 89' lang='lat' dir='ltr'>sordida</span> <span class='ocrx_word' id='word_1_85' title='bbox 925 802 1015 825; x_wconf 88' lang='lat' dir='ltr'>cum</span> <span class='ocrx_word' id='word_1_86' title='bbox 1040 788 1170 825; x_wconf 91' lang='lat' dir='ltr'>melle.</span> <span class='ocrx_word' id='word_1_87' title='bbox 1240 789 1286 825; x_wconf 90' lang='lat' dir='ltr'>fit</span> <span class='ocrx_word' id='word_1_88' title='bbox 1311 794 1353 825; x_wconf 85' lang='lat' dir='ltr'>et</span> 
     </span>
     <span class='ocr_line' id='line_1_16' title="bbox 172 841 1353 892; baseline 0 -14"><span class='ocrx_word' id='word_1_89' title='bbox 172 845 306 878; x_wconf 50' lang='lat' dir='ltr'>&amp;inum</span> <span class='ocrx_word' id='word_1_90' title='bbox 328 855 377 878; x_wconf 77' lang='lat' dir='ltr'>ex</span> <span class='ocrx_word' id='word_1_91' title='bbox 399 855 445 879; x_wconf 91' lang='lat' dir='ltr'>ea</span> <span class='ocrx_word' id='word_1_92' title='bbox 466 845 636 892; x_wconf 81' lang='lat' dir='ltr'>pectoris</span> <span class='ocrx_word' id='word_1_93' title='bbox 658 845 772 879; x_wconf 87' lang='lat' dir='ltr'>vitiis.</span> <span class='ocrx_word' id='word_1_94' title='bbox 817 841 999 879; x_wconf 89' lang='lat' dir='ltr'>foliorum</span> <span class='ocrx_word' id='word_1_95' title='bbox 1021 855 1135 879; x_wconf 91' lang='lat' dir='ltr'>sucus</span> <span class='ocrx_word' id='word_1_96' title='bbox 1156 855 1246 878; x_wconf 89' lang='lat' dir='ltr'>cum</span> <span class='ocrx_word' id='word_1_97' title='bbox 1266 842 1353 879; x_wconf 92' lang='lat' dir='ltr'>oleo</span> 
     </span>
     <span class='ocr_line' id='line_1_17' title="bbox 173 895 1352 945; baseline 0 -13"><span class='ocrx_word' id='word_1_98' title='bbox 173 895 383 945; x_wconf 82' lang='lat' dir='ltr'>caliginem</span> <span class='ocrx_word' id='word_1_99' title='bbox 416 895 617 932; x_wconf 91' lang='lat' dir='ltr'>oculorum</span> <span class='ocrx_word' id='word_1_100' title='bbox 651 896 827 939; x_wconf 86' lang='lat' dir='ltr'>discutit,</span> <span class='ocrx_word' id='word_1_101' title='bbox 861 895 911 932; x_wconf 85' lang='lat' dir='ltr'>ad</span> <span class='ocrx_word' id='word_1_102' title='bbox 943 895 1121 945; x_wconf 87' lang='lat' dir='ltr'>splenem</span> <span class='ocrx_word' id='word_1_103' title='bbox 1155 908 1205 932; x_wconf 85' lang='lat' dir='ltr'>ex</span> <span class='ocrx_word' id='word_1_104' title='bbox 1238 901 1352 932; x_wconf 87' lang='lat' dir='ltr'>aceto</span> 
     </span>
     <span class='ocr_line' id='line_1_18' title="bbox 173 948 944 998; baseline 0 -13"><span class='ocrx_word' id='word_1_105' title='bbox 173 951 355 992; x_wconf 87' lang='lat' dir='ltr'>sumitur,</span> <span class='ocrx_word' id='word_1_106' title='bbox 378 948 587 986; x_wconf 80' lang='lat' dir='ltr'>excalfacit</span> <span class='ocrx_word' id='word_1_107' title='bbox 609 955 651 985; x_wconf 91' lang='lat' dir='ltr'>et</span> <span class='ocrx_word' id='word_1_108' title='bbox 670 951 944 998; x_wconf 87' lang='lat' dir='ltr'>perunctione.</span> 
     </span>
    </p>

    <p class='ocr_par' dir='ltr' id='par_1_6' title="bbox 174 1002 1353 1317">
     <span class='ocr_line' id='line_1_19' title="bbox 220 1002 1350 1051; baseline 0 -13"><span class='ocrx_word' id='word_1_109' title='bbox 220 1002 404 1038; x_wconf 83' lang='lat' dir='ltr'>LXXXI.</span> <span class='ocrx_word' id='word_1_110' title='bbox 435 1002 774 1051; x_wconf 88' lang='lat' dir='ltr'>Chamaedaphne</span> <span class='ocrx_word' id='word_1_111' title='bbox 792 1005 908 1039; x_wconf 89' lang='lat' dir='ltr'>unico</span> <span class='ocrx_word' id='word_1_112' title='bbox 926 1002 1077 1038; x_wconf 88' lang='lat' dir='ltr'>ramulo</span> <span class='ocrx_word' id='word_1_113' title='bbox 1095 1007 1170 1046; x_wconf 91' lang='lat' dir='ltr'>est,</span> <span class='ocrx_word' id='word_1_114' title='bbox 1188 1002 1350 1038; x_wconf 88' lang='lat' dir='ltr'>cubitali</span> 
     </span>
     <span class='ocr_line' id='line_1_20' title="bbox 174 1054 1352 1098; baseline 0 -6"><span class='ocrx_word' id='word_1_115' title='bbox 174 1054 323 1098; x_wconf 88' lang='lat' dir='ltr'>ferme;</span> <span class='ocrx_word' id='word_1_116' title='bbox 359 1054 453 1092; x_wconf 86' lang='lat' dir='ltr'>folia</span> <span class='ocrx_word' id='word_1_117' title='bbox 472 1059 655 1092; x_wconf 85' lang='lat' dir='ltr'>tenuiora</span> <span class='ocrx_word' id='word_1_118' title='bbox 673 1055 806 1098; x_wconf 88' lang='lat' dir='ltr'>lauro;</span> <span class='ocrx_word' id='word_1_119' title='bbox 827 1068 965 1092; x_wconf 92' lang='lat' dir='ltr'>semen</span> <span class='ocrx_word' id='word_1_120' title='bbox 984 1056 1130 1092; x_wconf 87' lang='lat' dir='ltr'>rubens</span> <span class='ocrx_word' id='word_1_121' title='bbox 1151 1055 1352 1092; x_wconf 80' lang='lat' dir='ltr'>adnexum</span> 
     </span>
     <span class='ocr_line' id='line_1_21' title="bbox 176 1108 1353 1158; baseline 0.001 -14"><span class='ocrx_word' id='word_1_122' title='bbox 176 1108 288 1145; x_wconf 88' lang='lat' dir='ltr'>foliis.</span> <span class='ocrx_word' id='word_1_123' title='bbox 344 1109 522 1145; x_wconf 87' lang='lat' dir='ltr'>inlinitur</span> <span class='ocrx_word' id='word_1_124' title='bbox 567 1111 706 1158; x_wconf 87' lang='lat' dir='ltr'>capitis</span> <span class='ocrx_word' id='word_1_125' title='bbox 752 1108 951 1145; x_wconf 90' lang='lat' dir='ltr'>doloribus</span> <span class='ocrx_word' id='word_1_126' title='bbox 996 1122 1147 1151; x_wconf 90' lang='lat' dir='ltr'>recens,</span> <span class='ocrx_word' id='word_1_127' title='bbox 1195 1108 1353 1145; x_wconf 89' lang='lat' dir='ltr'>ardores</span> 
     </span>
     <span class='ocr_line' id='line_1_22' title="bbox 174 1161 1353 1212; baseline 0 -14"><span class='ocrx_word' id='word_1_128' title='bbox 174 1161 399 1212; x_wconf 82' lang='lat' dir='ltr'>refrigerat,</span> <span class='ocrx_word' id='word_1_129' title='bbox 437 1162 487 1198; x_wconf 88' lang='lat' dir='ltr'>ad</span> <span class='ocrx_word' id='word_1_130' title='bbox 522 1165 695 1199; x_wconf 88' lang='lat' dir='ltr'>tormina</span> <span class='ocrx_word' id='word_1_131' title='bbox 730 1175 819 1198; x_wconf 91' lang='lat' dir='ltr'>cum</span> <span class='ocrx_word' id='word_1_132' title='bbox 856 1165 945 1199; x_wconf 80' lang='lat' dir='ltr'>vino</span> <span class='ocrx_word' id='word_1_133' title='bbox 980 1162 1142 1198; x_wconf 91' lang='lat' dir='ltr'>bibitur.</span> <span class='ocrx_word' id='word_1_134' title='bbox 1197 1175 1353 1198; x_wconf 88' lang='lat' dir='ltr'>menses</span> 
     </span>
     <span class='ocr_line' id='line_1_23' title="bbox 174 1215 1352 1265; baseline 0.001 -14"><span class='ocrx_word' id='word_1_135' title='bbox 174 1229 288 1251; x_wconf 89' lang='lat' dir='ltr'>sucus</span> <span class='ocrx_word' id='word_1_136' title='bbox 311 1218 394 1251; x_wconf 89' lang='lat' dir='ltr'>eius</span> <span class='ocrx_word' id='word_1_137' title='bbox 417 1221 459 1252; x_wconf 92' lang='lat' dir='ltr'>et</span> <span class='ocrx_word' id='word_1_138' title='bbox 482 1218 635 1252; x_wconf 88' lang='lat' dir='ltr'>urinam</span> <span class='ocrx_word' id='word_1_139' title='bbox 657 1218 736 1252; x_wconf 90' lang='lat' dir='ltr'>ciet</span> <span class='ocrx_word' id='word_1_140' title='bbox 757 1221 855 1265; x_wconf 90' lang='lat' dir='ltr'>potu</span> <span class='ocrx_word' id='word_1_141' title='bbox 877 1221 1095 1265; x_wconf 86' lang='lat' dir='ltr'>partusque</span> <span class='ocrx_word' id='word_1_142' title='bbox 1117 1215 1292 1252; x_wconf 88' lang='lat' dir='ltr'>difficiles</span> <span class='ocrx_word' id='word_1_143' title='bbox 1313 1218 1352 1252; x_wconf 90' lang='lat' dir='ltr'>in</span> 
     </span>
     <span class='ocr_line' id='line_1_24' title="bbox 174 1268 497 1317; baseline 0.003 -13"><span class='ocrx_word' id='word_1_144' title='bbox 174 1268 264 1304; x_wconf 89' lang='lat' dir='ltr'>lana</span> <span class='ocrx_word' id='word_1_145' title='bbox 282 1268 497 1317; x_wconf 88' lang='lat' dir='ltr'>adpositus.</span> 
     </span>
    </p>

    <p class='ocr_par' dir='ltr' id='par_1_7' title="bbox 173 1321 1353 1585">
     <span class='ocr_line' id='line_1_25' title="bbox 218 1321 1353 1359; baseline 0 -1"><span class='ocrx_word' id='word_1_146' title='bbox 218 1321 425 1358; x_wconf 88' lang='lat' dir='ltr'>LXXXII.</span> <span class='ocrx_word' id='word_1_147' title='bbox 455 1321 695 1359; x_wconf 86' lang='lat' dir='ltr'>Chamelaea</span> <span class='ocrx_word' id='word_1_148' title='bbox 725 1322 1023 1358; x_wconf 84' lang='lat' dir='ltr'>similitudinem</span> <span class='ocrx_word' id='word_1_149' title='bbox 1041 1321 1223 1359; x_wconf 89' lang='lat' dir='ltr'>foliorum</span> <span class='ocrx_word' id='word_1_150' title='bbox 1242 1321 1353 1359; x_wconf 85' lang='lat' dir='ltr'>oleae</span> 
     </span>
     <span class='ocr_line' id='line_1_26' title="bbox 173 1374 1353 1424; baseline 0.001 -13"><span class='ocrx_word' id='word_1_151' title='bbox 173 1374 443 1411; x_wconf 88' lang='lat' dir='ltr'>habet—sunt</span> <span class='ocrx_word' id='word_1_152' title='bbox 487 1381 622 1412; x_wconf 84' lang='lat' dir='ltr'>autern</span> <span class='ocrx_word' id='word_1_153' title='bbox 666 1389 813 1419; x_wconf 87' lang='lat' dir='ltr'>amara,</span> <span class='ocrx_word' id='word_1_154' title='bbox 857 1375 1023 1412; x_wconf 91' lang='lat' dir='ltr'>odorata</span> <span class='ocrx_word' id='word_1_155' title='bbox 1038 1375 1145 1411; x_wconf 82' lang='lat' dir='ltr'>1——in</span> <span class='ocrx_word' id='word_1_156' title='bbox 1185 1378 1353 1424; x_wconf 84' lang='lat' dir='ltr'>petrosis</span> 
     </span>
     <span class='ocr_line' id='line_1_27' title="bbox 175 1428 1351 1478; baseline 0.002 -15"><span class='ocrx_word' id='word_1_157' title='bbox 175 1428 350 1477; x_wconf 82' lang='lat' dir='ltr'>palmum</span> <span class='ocrx_word' id='word_1_158' title='bbox 384 1428 595 1465; x_wconf 79' lang='lat' dir='ltr'>altitudine</span> <span class='ocrx_word' id='word_1_159' title='bbox 628 1442 707 1465; x_wconf 93' lang='lat' dir='ltr'>non</span> <span class='ocrx_word' id='word_1_160' title='bbox 740 1428 975 1465; x_wconf 85' lang='lat' dir='ltr'>excedente.</span> <span class='ocrx_word' id='word_1_161' title='bbox 1031 1428 1161 1465; x_wconf 87' lang='lat' dir='ltr'>alvum</span> <span class='ocrx_word' id='word_1_162' title='bbox 1193 1435 1351 1478; x_wconf 85' lang='lat' dir='ltr'>purgat,</span> 
     </span>
     <span class='ocr_line' id='line_1_28' title="bbox 173 1481 1350 1530; baseline 0.001 -13"><span class='ocrx_word' id='word_1_163' title='bbox 173 1481 349 1518; x_wconf 81' lang='lat' dir='ltr'>detrahit</span> <span class='ocrx_word' id='word_1_164' title='bbox 379 1484 580 1530; x_wconf 84' lang='lat' dir='ltr'>pituitam,</span> <span class='ocrx_word' id='word_1_165' title='bbox 610 1482 744 1526; x_wconf 90' lang='lat' dir='ltr'>bilem,</span> <span class='ocrx_word' id='word_1_166' title='bbox 774 1481 875 1519; x_wconf 86' lang='lat' dir='ltr'>foliis</span> <span class='ocrx_word' id='word_1_167' title='bbox 904 1485 944 1518; x_wconf 91' lang='lat' dir='ltr'>in</span> <span class='ocrx_word' id='word_1_168' title='bbox 980 1481 1134 1518; x_wconf 84' lang='lat' dir='ltr'>duabus</span> <span class='ocrx_word' id='word_1_169' title='bbox 1165 1482 1350 1519; x_wconf 86' lang='lat' dir='ltr'>absinthii</span> 
     </span>
     <span class='ocr_line' id='line_1_29' title="bbox 173 1534 1352 1585; baseline 0.001 -15"><span class='ocrx_word' id='word_1_170' title='bbox 173 1535 352 1584; x_wconf 86' lang='lat' dir='ltr'>partibus</span> <span class='ocrx_word' id='word_1_171' title='bbox 386 1535 572 1578; x_wconf 85' lang='lat' dir='ltr'>decoctis,</span> <span class='ocrx_word' id='word_1_172' title='bbox 608 1549 700 1572; x_wconf 90' lang='lat' dir='ltr'>suco</span> <span class='ocrx_word' id='word_1_173' title='bbox 735 1548 781 1572; x_wconf 91' lang='lat' dir='ltr'>eo</span> <span class='ocrx_word' id='word_1_174' title='bbox 815 1548 904 1572; x_wconf 90' lang='lat' dir='ltr'>cum</span> <span class='ocrx_word' id='word_1_175' title='bbox 939 1535 1056 1572; x_wconf 91' lang='lat' dir='ltr'>melle</span> <span class='ocrx_word' id='word_1_176' title='bbox 1090 1541 1197 1585; x_wconf 88' lang='lat' dir='ltr'>poto.</span> <span class='ocrx_word' id='word_1_177' title='bbox 1252 1534 1352 1572; x_wconf 86' lang='lat' dir='ltr'>foliis</span> 
     </span>
    </p>
   </div>
   <div class='ocr_carea' id='block_1_6' title="bbox 588 1609 954 1650">
    <p class='ocr_par' dir='ltr' id='par_1_8' title="bbox 588 1609 954 1650">
     <span class='ocr_line' id='line_1_30' title="bbox 588 1609 954 1650; baseline 0.003 -10"><span class='ocrx_word' id='word_1_178' title='bbox 588 1611 598 1629; x_wconf 85' lang='lat'>1</span> <span class='ocrx_word' id='word_1_179' title='bbox 624 1610 679 1641; x_wconf 71' lang='lat' dir='ltr'>Sic</span> <span class='ocrx_word' id='word_1_180' title='bbox 697 1610 770 1641; x_wconf 78' lang='lat' dir='ltr'>dise.</span> <span class='ocrx_word' id='word_1_181' title='bbox 794 1609 954 1650; x_wconf 71' lang='lat' dir='ltr'>Jlaylzoff.</span> 
     </span>
    </p>
   </div>
   <div class='ocr_carea' id='block_1_7' title="bbox 168 1727 1350 1811">
    <p class='ocr_par' dir='ltr' id='par_1_9' title="bbox 168 1727 1350 1811">
     <span class='ocr_line' id='line_1_31' title="bbox 215 1727 1350 1765; baseline 0.001 -7"><span class='ocrx_word' id='word_1_182' title='bbox 215 1731 230 1746; x_wconf 72' lang='lat'><strong>⁰</strong></span> <span class='ocrx_word' id='word_1_183' title='bbox 253 1727 298 1758; x_wconf 93' lang='lat' dir='ltr'>Or</span> <span class='ocrx_word' id='word_1_184' title='bbox 313 1740 319 1758; x_wconf 92' lang='lat'><strong>:</strong></span> <span class='ocrx_word' id='word_1_185' title='bbox 352 1727 371 1739; x_wconf 90' lang='lat'>“</span> <span class='ocrx_word' id='word_1_186' title='bbox 387 1727 420 1758; x_wconf 90' lang='lat' dir='ltr'>It</span> <span class='ocrx_word' id='word_1_187' title='bbox 439 1727 509 1758; x_wconf 86' lang='lat' dir='ltr'>aIso</span> <span class='ocrx_word' id='word_1_188' title='bbox 526 1727 619 1759; x_wconf 88' lang='lat' dir='ltr'>heals</span> <span class='ocrx_word' id='word_1_189' title='bbox 637 1728 807 1759; x_wconf 84' lang='lat' dir='ltr'>abscesses</span> <span class='ocrx_word' id='word_1_190' title='bbox 826 1728 893 1759; x_wconf 88' lang='lat' dir='ltr'>and</span> <span class='ocrx_word' id='word_1_191' title='bbox 912 1727 1047 1759; x_wconf 80' lang='lat' dir='ltr'>chronic</span> <span class='ocrx_word' id='word_1_192' title='bbox 1063 1738 1164 1765; x_wconf 85' lang='lat' dir='ltr'>sores,</span> <span class='ocrx_word' id='word_1_193' title='bbox 1183 1728 1251 1760; x_wconf 90' lang='lat' dir='ltr'>and</span> <span class='ocrx_word' id='word_1_194' title='bbox 1268 1738 1350 1759; x_wconf 85' lang='lat' dir='ltr'>even</span> 
     </span>
     <span class='ocr_line' id='line_1_32' title="bbox 168 1769 702 1811; baseline 0.004 -11"><span class='ocrx_word' id='word_1_195' title='bbox 168 1769 241 1801; x_wconf 89' lang='lat' dir='ltr'>foul</span> <span class='ocrx_word' id='word_1_196' title='bbox 256 1780 335 1800; x_wconf 79' lang='lat' dir='ltr'>ones</span> <span class='ocrx_word' id='word_1_197' title='bbox 349 1770 378 1800; x_wconf 84' lang='lat' dir='ltr'>if</span> <span class='ocrx_word' id='word_1_198' title='bbox 390 1770 500 1811; x_wconf 76' lang='lat' dir='ltr'>honey</span> <span class='ocrx_word' id='word_1_199' title='bbox 515 1771 542 1801; x_wconf 83' lang='lat' dir='ltr'>is</span> <span class='ocrx_word' id='word_1_200' title='bbox 557 1771 702 1802; x_wconf 85' lang='lat' dir='ltr'>added.&#39;’</span> 
     </span>
    </p>
   </div>
   <div class='ocr_carea' id='block_1_8' title="bbox 166 1812 1357 1983">
    <p class='ocr_par' dir='ltr' id='par_1_10' title="bbox 214 1812 1234 1854">
     <span class='ocr_line' id='line_1_33' title="bbox 214 1812 1234 1854; baseline 0.002 -11"><span class='ocrx_word' id='word_1_201' title='bbox 214 1812 226 1831; x_wconf 66' lang='lat' dir='ltr'><em>b</em></span> <span class='ocrx_word' id='word_1_202' title='bbox 242 1813 392 1854; x_wconf 79' lang='lat' dir='ltr'>Perhaps</span> <span class='ocrx_word' id='word_1_203' title='bbox 411 1812 430 1824; x_wconf 73' lang='lat'>‘⁴</span> <span class='ocrx_word' id='word_1_204' title='bbox 444 1814 729 1845; x_wconf 82' lang='lat' dir='ltr'>inflammation.&#39;’</span> <span class='ocrx_word' id='word_1_205' title='bbox 778 1814 839 1845; x_wconf 81' lang='lat' dir='ltr'>See</span> <span class='ocrx_word' id='word_1_206' title='bbox 856 1819 938 1845; x_wconf 82' lang='lat' dir='ltr'>note</span> <span class='ocrx_word' id='word_1_207' title='bbox 955 1824 999 1845; x_wconf 88' lang='lat' dir='ltr'>on</span> <span class='ocrx_word' id='word_1_208' title='bbox 1018 1814 1137 1845; x_wconf 83' lang='lat' dir='ltr'>XXVI</span> <span class='ocrx_word' id='word_1_209' title='bbox 1153 1816 1167 1853; x_wconf 62' lang='grc' dir='ltr'><em>ξ</em></span> <span class='ocrx_word' id='word_1_210' title='bbox 1182 1815 1234 1846; x_wconf 82' lang='lat'>32.</span> 
     </span>
    </p>

    <p class='ocr_par' dir='ltr' id='par_1_11' title="bbox 166 1856 1357 1983">
     <span class='ocr_line' id='line_1_34' title="bbox 213 1856 1357 1898; baseline 0.001 -12"><span class='ocrx_word' id='word_1_211' title='bbox 213 1860 224 1874; x_wconf 75' lang='lat'><strong><em>⁶</em></strong></span> <span class='ocrx_word' id='word_1_212' title='bbox 247 1856 317 1886; x_wconf 89' lang='lat' dir='ltr'>The</span> <span class='ocrx_word' id='word_1_213' title='bbox 335 1856 475 1887; x_wconf 89' lang='lat' dir='ltr'>method</span> <span class='ocrx_word' id='word_1_214' title='bbox 494 1857 532 1887; x_wconf 86' lang='lat' dir='ltr'>of</span> <span class='ocrx_word' id='word_1_215' title='bbox 546 1858 726 1897; x_wconf 79' lang='lat' dir='ltr'>preparing</span> <span class='ocrx_word' id='word_1_216' title='bbox 744 1857 802 1888; x_wconf 81' lang='lat' dir='ltr'>the</span> <span class='ocrx_word' id='word_1_217' title='bbox 821 1857 989 1888; x_wconf 87' lang='lat' dir='ltr'>medicine</span> <span class='ocrx_word' id='word_1_218' title='bbox 1007 1867 1088 1897; x_wconf 82' lang='lat' dir='ltr'>may</span> <span class='ocrx_word' id='word_1_219' title='bbox 1105 1857 1211 1898; x_wconf 83' lang='lat' dir='ltr'>apply</span> <span class='ocrx_word' id='word_1_220' title='bbox 1228 1856 1310 1897; x_wconf 82' lang='lat' dir='ltr'>only</span> <span class='ocrx_word' id='word_1_221' title='bbox 1328 1857 1357 1887; x_wconf 90' lang='lat' dir='ltr'>if</span> 
     </span>
     <span class='ocr_line' id='line_1_35' title="bbox 169 1898 1353 1931; baseline 0.002 -3"><span class='ocrx_word' id='word_1_222' title='bbox 169 1898 197 1928; x_wconf 84' lang='lat' dir='ltr'>it</span> <span class='ocrx_word' id='word_1_223' title='bbox 213 1898 253 1929; x_wconf 87' lang='lat' dir='ltr'>be</span> <span class='ocrx_word' id='word_1_224' title='bbox 268 1898 372 1929; x_wconf 81' lang='lat' dir='ltr'>taken</span> <span class='ocrx_word' id='word_1_225' title='bbox 388 1899 440 1929; x_wconf 87' lang='lat' dir='ltr'>for</span> <span class='ocrx_word' id='word_1_226' title='bbox 454 1899 513 1930; x_wconf 88' lang='lat' dir='ltr'>the</span> <span class='ocrx_word' id='word_1_227' title='bbox 529 1910 606 1930; x_wconf 87' lang='lat' dir='ltr'>cure</span> <span class='ocrx_word' id='word_1_228' title='bbox 621 1900 660 1930; x_wconf 89' lang='lat' dir='ltr'>of</span> <span class='ocrx_word' id='word_1_229' title='bbox 672 1900 747 1931; x_wconf 91' lang='lat' dir='ltr'>bile.</span> <span class='ocrx_word' id='word_1_230' title='bbox 794 1900 864 1930; x_wconf 87' lang='lat' dir='ltr'>The</span> <span class='ocrx_word' id='word_1_231' title='bbox 880 1900 982 1931; x_wconf 86' lang='lat' dir='ltr'>Latin</span> <span class='ocrx_word' id='word_1_232' title='bbox 997 1900 1108 1931; x_wconf 83' lang='lat' dir='ltr'>would</span> <span class='ocrx_word' id='word_1_233' title='bbox 1123 1900 1221 1930; x_wconf 82' lang='lat' dir='ltr'>allow</span> <span class='ocrx_word' id='word_1_234' title='bbox 1236 1900 1275 1930; x_wconf 88' lang='lat' dir='ltr'>of</span> <span class='ocrx_word' id='word_1_235' title='bbox 1284 1899 1353 1930; x_wconf 79' lang='lat' dir='ltr'>this</span> 
     </span>
     <span class='ocr_line' id='line_1_36' title="bbox 166 1941 1352 1983; baseline 0.002 -12"><span class='ocrx_word' id='word_1_236' title='bbox 166 1941 442 1981; x_wconf 86' lang='lat' dir='ltr'>interpretation,</span> <span class='ocrx_word' id='word_1_237' title='bbox 468 1942 529 1972; x_wconf 77' lang='lat' dir='ltr'>but</span> <span class='ocrx_word' id='word_1_238' title='bbox 551 1943 579 1973; x_wconf 88' lang='lat' dir='ltr'>it-</span> <span class='ocrx_word' id='word_1_239' title='bbox 601 1953 708 1973; x_wconf 87' lang='lat' dir='ltr'>seems</span> <span class='ocrx_word' id='word_1_240' title='bbox 730 1953 823 1973; x_wconf 87' lang='lat' dir='ltr'>more</span> <span class='ocrx_word' id='word_1_241' title='bbox 844 1943 991 1979; x_wconf 87' lang='lat' dir='ltr'>natural,</span> <span class='ocrx_word' id='word_1_242' title='bbox 1015 1943 1083 1973; x_wconf 88' lang='lat' dir='ltr'>and</span> <span class='ocrx_word' id='word_1_243' title='bbox 1105 1942 1243 1983; x_wconf 84' lang='lat' dir='ltr'>equally</span> <span class='ocrx_word' id='word_1_244' title='bbox 1263 1942 1352 1983; x_wconf 83' lang='lat' dir='ltr'>good</span> 
     </span>
    </p>
   </div>
   <div class='ocr_carea' id='block_1_9' title="bbox 166 1983 1353 2058">
    <p class='ocr_par' dir='ltr' id='par_1_12' title="bbox 166 1983 1353 2058">
     <span class='ocr_line' id='line_1_37' title="bbox 166 1983 1353 2027; baseline 0.002 -13"><span class='ocrx_word' id='word_1_245' title='bbox 166 1983 282 2020; x_wconf 88' lang='lat' dir='ltr'>Latin,</span> <span class='ocrx_word' id='word_1_246' title='bbox 310 1984 362 2015; x_wconf 85' lang='lat' dir='ltr'>for</span> <span class='ocrx_word' id='word_1_247' title='bbox 389 1984 448 2015; x_wconf 86' lang='lat' dir='ltr'>the</span> <span class='ocrx_word' id='word_1_248' title='bbox 476 1985 617 2016; x_wconf 85' lang='lat' dir='ltr'>method</span> <span class='ocrx_word' id='word_1_249' title='bbox 645 1990 682 2016; x_wconf 94' lang='lat' dir='ltr'>to</span> <span class='ocrx_word' id='word_1_250' title='bbox 710 1985 815 2026; x_wconf 88' lang='lat' dir='ltr'>apply</span> <span class='ocrx_word' id='word_1_251' title='bbox 843 1989 880 2016; x_wconf 89' lang='lat' dir='ltr'>to</span> <span class='ocrx_word' id='word_1_252' title='bbox 908 1985 955 2016; x_wconf 91' lang='lat' dir='ltr'>all</span> <span class='ocrx_word' id='word_1_253' title='bbox 981 1985 1040 2017; x_wconf 85' lang='lat' dir='ltr'>t-he</span> <span class='ocrx_word' id='word_1_254' title='bbox 1067 1985 1162 2016; x_wconf 85' lang='lat' dir='ltr'>three</span> <span class='ocrx_word' id='word_1_255' title='bbox 1189 1995 1353 2027; x_wconf 82' lang='lat' dir='ltr'>purposes</span> 
     </span>
     <span class='ocr_line' id='line_1_38' title="bbox 167 2027 375 2058; baseline 0.005 -1"><span class='ocrx_word' id='word_1_256' title='bbox 167 2027 375 2058; x_wconf 78' lang='lat' dir='ltr'>mentioned.</span> 
     </span>
    </p>
   </div>
   <div class='ocr_carea' id='block_1_10' title="bbox 172 2099 219 2133">
    <p class='ocr_par' dir='ltr' id='par_1_13' title="bbox 172 2099 219 2133">
     <span class='ocr_line' id='line_1_39' title="bbox 172 2099 219 2133; baseline -0.021 0"><span class='ocrx_word' id='word_1_257' title='bbox 172 2099 219 2133; x_wconf 87' lang='lat'>94</span> 
     </span>
    </p>
   </div>
  </div>
 </body>
</html>
