1459 2288
396 141 588 178 PLINY:
636 141 898 178 NATURAL
931 141 1166 179 HISTORY

189 244 417 292 praeclusae
461 244 656 281 duritieve
700 244 908 288 laboranti,
950 247 1029 281 ciet
1071 257 1228 281 menses
1270 251 1366 293 potu

189 302 469 351 adposituque,
512 303 642 338 alvum
685 303 822 339 mollit.
878 305 1034 339 invenio
1076 309 1173 352 potu
1214 303 1368 340 modico

188 363 391 397 tristitiam
428 364 547 397 animi
584 361 737 405 resolvi,
772 362 940 412 largiore
988 361 1181 405 contrahi,
1217 364 1367 398 sonitus

189 422 342 455 aurium
379 420 592 456 emendare
629 419 816 464 infusum,
847 426 1017 457 strumas
1053 420 1196 457 illitum
1231 433 1367 457 nervo-

188 491 355 526 rumque
400 479 535 515 nodos.
592 478 824 515 adversatur
869 481 1030 515 venenis
1076 492 1178 528 quae
1223 478 1367 528 frigore

188 536 364 579 nocent,l
384 537 474 573 ideo
495 543 536 573 et
555 539 721 574 cicutae.

239 595 346 631 XVI.
377 595 637 645 Spondylium
672 610 751 632 una
790 596 1108 632 demonstratum
1148 595 1370 632 infunditur

187 654 383 702 capitibus
434 653 754 703 phreneticorum
807 660 849 691 et
899 654 1220 704 lethargicorum,
1270 657 1368 691 item

187 715 328 760 capitis
356 712 554 749 doloribus
589 713 714 763 longis
749 727 839 750 cum
873 713 960 750 oleo
992 713 1182 756 vetere;2
1219 713 1369 749 bibitur

187 776 229 806 et
267 773 305 806 in
345 773 561 808 iocinerum
598 774 716 815 vitiis,
755 773 892 809 morbo
930 775 1053 822 regio,
1091 771 1368 815 comitialibus,

186 828 466 878 orthopnoicis,
513 830 716 867 vulvarum
763 831 1092 880 strangulatione,
1139 831 1281 879 quibus
1327 835 1369 866 et

187 887 319 924 suffitu
362 888 538 938 prodest.
597 889 727 925 alvum
771 889 909 925 mollit.
965 889 1129 925 illinitur
1171 889 1367 925 ulceribus

187 959 290 995 quae
333 953 499 996 serpunt
542 961 631 984 cum
674 953 776 984 ruta.
832 947 902 984 flos
946 948 1104 984 auribus
1147 947 1368 996 purulentis

187 1005 399 1042 efficaciter
438 1005 673 1049 infunditur,
713 1006 783 1043 sed
823 1020 951 1050 sucus,
990 1019 1079 1042 cum
1120 1008 1368 1055 exprimitur,

187 1064 427 1114 integendus
453 1071 527 1108 est,
552 1068 739 1114 quoniam
763 1068 861 1101 mire
886 1065 1090 1114 adpetitur
1114 1078 1137 1101 a
1160 1067 1302 1101 muscis
1327 1069 1367 1100 et

187 1123 390 1159 similibus.
445 1124 557 1160 radix
577 1124 718 1160 derasa
738 1129 778 1160 et
798 1126 837 1160 in
857 1123 1007 1160 fistulas
1027 1125 1206 1159 coniecta
1225 1122 1367 1159 callum

187 1194 324 1217 earum
349 1182 488 1218 erodit.
545 1183 704 1219 auribus
729 1195 887 1232 quoque
911 1181 1125 1218 instillatur
1148 1195 1238 1218 cum
1262 1194 1366 1218 suco.

186 1239 305 1276 datur
331 1246 372 1276 et
397 1243 482 1290 ipsa
507 1247 644 1277 contra
669 1242 851 1277 morbum
877 1244 1031 1291 regium
1058 1246 1099 1276 et
1124 1243 1162 1276 in
1189 1242 1367 1276 iocineris

187 1301 282 1335 vitio
319 1304 359 1335 et
396 1299 611 1336 vulvarum.
667 1300 826 1349 capillos
863 1302 1008 1348 crispos
1045 1298 1139 1335 facit
1176 1304 1369 1348 peruncto

186 1360 330 1406 capite.

240 1432 249 1449 ¹
275 1435 398 1461 nocent
415 1432 516 1469 codd„
534 1431 697 1473 De‘les-sen
717 1445 722 1462 :
755 1436 874 1463 necent
894 1431 1054 1472 Mayhoff.

237 1473 249 1492 2
273 1474 327 1504 Sic
352 1475 425 1505 dist.
456 1475 616 1515 Magdmff,
635 1475 858 1506 Dioscoridem
882 1479 1026 1505 secutus:
1050 1474 1168 1515 longis.
1195 1484 1270 1505 cum
1295 1474 1368 1504 oleo

195 1521 306 1547 vetere
325 1517 453 1548 bibitur
469 1519 563 1549 celeri
581 1518 648 1549 edd.

232 1629 246 1643 ‘¹
271 1625 463 1656 Gonu-ahere
481 1627 508 1656 is
527 1637 571 1656 an
590 1626 813 1657 unfortunate
832 1626 924 1656 word
942 1629 979 1656 to
998 1635 1057 1655 use
1076 1626 1109 1655 in
1128 1625 1197 1655 this
1216 1629 1366 1660 context,

189 1678 224 1698 as
243 1669 269 1698 it
289 1679 351 1699 can
370 1679 469 1699 mean
489 1669 573 1700 both
594 1671 640 1709 (l)
660 1673 696 1700 to
716 1679 826 1705 cause,
848 1669 944 1709 bring
963 1668 1080 1704 about,
1100 1668 1168 1698 and
1189 1668 1234 1708 (2)
1254 1672 1291 1698 to
1310 1672 1367 1698 cut

187 1711 292 1747 short,
311 1711 428 1742 lessen.

234 1754 245 1772 ²³
268 1754 450 1794 Mayhoff’s
466 1755 659 1794 conjecture
672 1760 782 1785 necent
798 1754 864 1793 (for
882 1759 995 1785 nocent
1009 1753 1049 1784 of
1059 1753 1117 1784 the
1132 1752 1240 1793 MSS.)
1256 1752 1365 1784 would

188 1807 286 1828 mean
305 1797 324 1808 ‘²
340 1797 434 1827 kill.’'

233 1845 244 1859 ⁶
267 1840 327 1871 See
346 1840 427 1870 XII.
445 1840 460 1878 ξ
481 1841 550 1870 128.

229 1882 243 1901 ⁴2
267 1882 283 1912 Ι
301 1882 401 1913 think
418 1882 496 1913 that
514 1883 572 1913 the
590 1883 794 1913 antecedent
812 1882 850 1913 of
863 1882 980 1923 quibus
998 1892 1078 1922 may
1097 1882 1148 1918 be,
1167 1885 1228 1912 not
1245 1881 1290 1911 all
1308 1881 1366 1911 the

188 1925 366 1966 preceding
395 1935 516 1961 nouns,
542 1925 603 1956 but,
630 1925 811 1961 vulsarum,
836 1925 888 1955 for
915 1924 1131 1955 Dioscorides
1159 1924 1220 1954 has
1250 1923 1364 1955 ὑποθυ-

186 1967 345 2008 μιώμενος
361 1967 395 1999 δὲ
412 1967 620 2000 ἀνακαλεῖται
636 1969 709 2002 τοὺς
726 1968 1006 2008 καταφερομένους
1029 1966 1261 2008 immediately
1279 1967 1365 1998 after

190 2010 358 2051 ὑοτερικὴν
376 2011 484 2050 πνίγο-

193 2077 234 2099 22
