1459 2288
72 524 133 555 100

80 1112 136 1142 101

81 1522 139 1553 102

367 179 562 216 PLINY:
608 179 871 217 NATURAL
906 179 1142 217 HISTORY

164 298 352 322 venerem
384 286 587 334 proniores
620 283 703 320 fieri
734 284 934 320 dicuntur.
990 284 1218 335 prodigiosa
1248 291 1340 322 sunt

167 356 270 393 quae
300 346 402 379 circa
429 342 504 379 hoc
532 341 658 379 tradit
686 341 1000 392 Theophrastus,
1031 349 1169 380 auctor
1197 343 1343 393 alioqui

166 404 310 452 gravis,
333 407 585 451 septuageno
607 404 715 438 coitu
738 401 901 438 durasse
923 401 1131 439 libidinem
1154 408 1343 439 contactu

166 460 316 497 herbae
332 459 539 497 cuiusdam
555 462 665 496 cuius
682 459 697 482 ¹
713 473 860 496 nomen
875 473 1085 510 genusque
1101 474 1180 497 non
1196 464 1341 510 posuit.

213 518 356 555 LXIV.
387 518 567 555 Sideritis
595 518 814 568 adalligata
840 521 989 555 varices
1015 522 1161 556 minuit
1188 525 1230 556 et
1255 522 1339 556 sine

164 578 300 614 dolore
333 576 546 627 praestat.²
599 577 802 627 podagrae
836 578 997 614 morbus
1031 581 1153 614 rarior
1186 578 1341 616 solebat

166 649 252 674 esse
276 650 355 673 non
378 636 497 673 modo
520 641 681 685 patrum
705 649 949 686 avorumque
973 639 1180 680 memoria,
1204 650 1342 674 verum

167 698 291 732 etiam
305 701 455 738 nostra,
469 697 703 744 peregrinus
720 697 875 744 etipse,
890 708 983 731 nam
997 698 1028 731 si
1045 695 1187 732 Italiae
1202 694 1344 733 fuisset

167 756 403 803 antiquitus,
434 753 624 790 Latinum
652 766 799 790 nomen
827 756 1057 791 invenisset.
1113 754 1343 791 insanabilis

166 826 245 850 non
280 818 342 849 est
375 812 613 855 credendus,
648 814 797 862 quippe
832 815 1022 862 quoniam
1057 818 1099 849 et
1132 815 1173 849 in
1207 813 1343 850 multis

166 877 309 921 sponte
331 871 450 907 desiit
472 876 514 907 et
533 873 574 907 in
594 870 773 920 pluribus
794 884 900 907 cura.
955 871 1171 908 medentur
1191 871 1344 908 radices

167 932 326 980 panacis
349 943 440 966 cum
461 943 539 966 uva
560 943 690 979 passa,
712 943 828 966 sucus
850 929 1083 980 hyoscyami
1104 943 1195 966 cum
1217 929 1344 967 farina

167 989 229 1026 vel
249 1002 401 1032 semen,
422 988 603 1025 scordion
625 1001 674 1025 ex
696 994 825 1032 aceto,
846 988 993 1025 hiberis
1015 991 1074 1026 uti
1095 989 1248 1026 dictum
1269 995 1345 1033 est,

167 1048 390 1084 verbenaca
410 1061 501 1084 cum
523 1050 699 1097 axungia
720 1050 830 1090 trita,
853 1047 1062 1098 cyclamini
1084 1047 1212 1091 radix,
1234 1050 1344 1084 cuius

165 1107 378 1144 decoctum
397 1112 439 1143 et
457 1107 727 1156 pernionibus.
784 1106 981 1156 podagras
1001 1105 1213 1156 refrigerat
1232 1106 1344 1143 radix

168 1179 190 1202 e
212 1165 361 1215 xiphio,
383 1178 522 1202 semen
545 1178 566 1201 e
588 1164 745 1215 psyllio,
767 1167 898 1202 cicuta
920 1178 1010 1202 cum
1031 1164 1254 1216 lithargyro
1276 1171 1346 1203 aut

168 1227 356 1274 axungia,
376 1226 532 1260 aizoum
550 1226 590 1260 in
608 1226 736 1273 primo
754 1226 910 1273 impetu
928 1223 1132 1274 podagrae
1151 1224 1347 1268 rubentis,

166 1283 241 1319 hoc
256 1289 317 1319 est
331 1282 497 1319 calidae.
553 1282 735 1319 utrilibet
750 1295 843 1319 vero
857 1285 1045 1319 convenit
1061 1285 1243 1332 erigeron
1258 1296 1347 1319 cum

168 1344 356 1391 axungia,
384 1341 628 1391 plantaginis
656 1339 751 1377 folia
778 1343 875 1378 trita
902 1341 1041 1378 addito
1068 1341 1150 1378 sale
1178 1341 1349 1384 modico,

167 1402 399 1450 argemonia
428 1405 521 1436 tusa
552 1413 602 1436 ex
633 1399 765 1436 melle.
820 1400 1008 1436 medetur
1047 1406 1089 1437 et
1123 1400 1348 1436 verbenaca

167 1459 294 1502 inlita,
311 1465 381 1495 aut
396 1461 427 1495 si
443 1458 567 1508 pedes
583 1460 623 1494 in
639 1471 744 1508 aqua
758 1464 1014 1495 macerentur
1029 1461 1069 1494 in
1085 1471 1165 1508 qua
1179 1458 1348 1495 decocta

166 1520 231 1560 sit,
264 1516 384 1553 LXV.
415 1523 457 1553 et
487 1517 674 1566 lappago,
706 1517 842 1553 similis
874 1517 1103 1567 anagallidi,
1134 1520 1207 1553 nisi
1240 1523 1346 1554 esset

166 1579 356 1613 ramosior
377 1589 421 1612 ac
441 1576 620 1625 pluribus
642 1575 757 1619 foliis,
778 1579 909 1625 gravis
931 1576 1073 1612 odoris.
1130 1589 1233 1625 quae
1255 1575 1345 1612 talis

266 1670 279 1688 ¹
303 1669 480 1700 cuiusdam
498 1670 592 1700 cuius
611 1668 705 1700 multi
724 1669 812 1700 codd.
829 1681 836 1700 :
870 1670 964 1700 euius
982 1668 1053 1706 VE,
1074 1669 1235 1710 Mayhoff.

264 1713 276 1732 ²
299 1714 466 1753 praestat]
483 1715 644 1753 persanat
660 1711 683 1748 f,
701 1711 806 1742 Hard.

213 1875 227 1889 ‘¹
250 1870 311 1902 See
329 1870 416 1901 H.P.
434 1869 489 1901 IX
508 1871 558 1906 18,
575 1871 605 1902 9.

216 1913 227 1932 ⁶
251 1913 348 1944 Book
365 1913 467 1944 XXV
483 1914 497 1952 ἓ
514 1914 565 1944 88.

213 1960 224 1976 ⁶
247 1956 318 1987 The
338 1956 460 1997 phrase
479 1966 560 1996 quae
578 1955 654 1986 talis
673 1959 717 1986 est
736 1956 763 1986 is
782 1955 953 1996 generally
972 1955 1076 1986 taken
1097 1958 1132 1986 to
1152 1965 1251 1986 mean
1270 1955 1348 1986 that

168 1999 306 2038 mollugo
329 2000 357 2030 is
381 1999 440 2030 the
464 2008 564 2030 name
589 1998 626 2029 of
646 1998 704 2030 the
729 1998 870 2038 lappaqo
894 1998 1005 2029 which
1029 1999 1057 2029 is
1081 1998 1148 2029 like
1173 1997 1346 2038 anaqallis.

169 2042 238 2073 But
261 2042 319 2073 the
343 2041 445 2072 Latin
469 2052 532 2072 can
555 2041 703 2082 scarcely
722 2051 822 2072 mean
845 2041 924 2072 that
948 2041 1043 2072 there
1067 2051 1124 2072 are
1147 2051 1240 2072 more
1262 2041 1346 2072 than

167 2115 238 2152 340
