<?xml version="1.0" encoding="UTF-8"?>
<!DOCTYPE html PUBLIC "-//W3C//DTD XHTML 1.0 Transitional//EN"
    "http://www.w3.org/TR/xhtml1/DTD/xhtml1-transitional.dtd">
<html xmlns="http://www.w3.org/1999/xhtml" xml:lang="en" lang="en">
 <head>
  <title>
</title>
<meta http-equiv="Content-Type" content="text/html;charset=utf-8" />
  <meta name='ocr-system' content='tesseract 3.04.00' />
  <meta name='ocr-capabilities' content='ocr_page ocr_carea ocr_par ocr_line ocrx_word'/>
</head>
<body>
  <div class='ocr_page' id='page_1' title='image "./naturalhistory07plinuoft/naturalhistory07plinuoft_0348.png"; bbox 0 0 1459 2288; ppageno 0'>
   <div class='ocr_carea' id='block_1_1' title="bbox 418 208 1188 248">
    <p class='ocr_par' dir='ltr' id='par_1_1' title="bbox 418 208 1188 248">
     <span class='ocr_line' id='line_1_1' title="bbox 418 208 1188 248; baseline 0.004 -3"><span class='ocrx_word' id='word_1_1' title='bbox 418 208 611 246; x_wconf 81' lang='lat' dir='ltr'>PLINY:</span> <span class='ocrx_word' id='word_1_2' title='bbox 657 210 918 247; x_wconf 87' lang='lat' dir='ltr'>NATURAL</span> <span class='ocrx_word' id='word_1_3' title='bbox 951 210 1188 248; x_wconf 88' lang='lat' dir='ltr'>HISTORY</span> 
     </span>
    </p>
   </div>
   <div class='ocr_carea' id='block_1_2' title="bbox 153 313 1396 1555">
    <p class='ocr_par' dir='ltr' id='par_1_2' title="bbox 219 313 1389 490">
     <span class='ocr_line' id='line_1_2' title="bbox 219 313 1387 362; baseline 0.003 -13"><span class='ocrx_word' id='word_1_4' title='bbox 219 316 331 362; x_wconf 79' lang='lat' dir='ltr'>nigro</span> <span class='ocrx_word' id='word_1_5' title='bbox 373 319 670 350; x_wconf 78' lang='lat' dir='ltr'>maturescente</span> <span class='ocrx_word' id='word_1_6' title='bbox 712 327 803 350; x_wconf 88' lang='lat' dir='ltr'>cum</span> <span class='ocrx_word' id='word_1_7' title='bbox 844 313 1004 350; x_wconf 90' lang='lat' dir='ltr'>hordeo.</span> <span class='ocrx_word' id='word_1_8' title='bbox 1061 320 1205 351; x_wconf 87' lang='lat' dir='ltr'>natura</span> <span class='ocrx_word' id='word_1_9' title='bbox 1246 319 1387 352; x_wconf 86' lang='lat' dir='ltr'>semini</span> 
     </span>
     <span class='ocr_line' id='line_1_3' title="bbox 219 383 1389 433; baseline 0.003 -14"><span class='ocrx_word' id='word_1_10' title='bbox 219 383 428 433; x_wconf 79' lang='lat' dir='ltr'>spissandi,</span> <span class='ocrx_word' id='word_1_11' title='bbox 446 383 577 420; x_wconf 84' lang='lat' dir='ltr'>alvum</span> <span class='ocrx_word' id='word_1_12' title='bbox 596 386 714 427; x_wconf 85' lang='lat' dir='ltr'>sistit,</span> <span class='ocrx_word' id='word_1_13' title='bbox 733 386 887 420; x_wconf 87' lang='lat' dir='ltr'>urinam</span> <span class='ocrx_word' id='word_1_14' title='bbox 906 386 998 428; x_wconf 89' lang='lat' dir='ltr'>ciet,</span> <span class='ocrx_word' id='word_1_15' title='bbox 1018 387 1171 421; x_wconf 88' lang='lat' dir='ltr'>vesicae</span> <span class='ocrx_word' id='word_1_16' title='bbox 1191 398 1280 422; x_wconf 90' lang='lat' dir='ltr'>cum</span> <span class='ocrx_word' id='word_1_17' title='bbox 1299 388 1389 423; x_wconf 92' lang='lat' dir='ltr'>vino</span> 
     </span>
     <span class='ocr_line' id='line_1_4' title="bbox 221 454 383 490; baseline 0 0"><span class='ocrx_word' id='word_1_18' title='bbox 221 454 383 490; x_wconf 80' lang='lat' dir='ltr'>bibitur.</span> 
     </span>
    </p>

    <p class='ocr_par' dir='ltr' id='par_1_3' title="bbox 153 523 1391 994">
     <span class='ocr_line' id='line_1_5' title="bbox 153 523 1384 575; baseline 0.002 -16"><span class='ocrx_word' id='word_1_19' title='bbox 153 528 193 559; x_wconf 88' lang='grc'>86</span> <span class='ocrx_word' id='word_1_20' title='bbox 267 523 371 560; x_wconf 92' lang='lat' dir='ltr'><strong>LIV.</strong></span> <span class='ocrx_word' id='word_1_21' title='bbox 401 524 475 560; x_wconf 88' lang='lat' dir='ltr'>Est</span> <span class='ocrx_word' id='word_1_22' title='bbox 519 523 627 561; x_wconf 91' lang='lat' dir='ltr'>aliud</span> <span class='ocrx_word' id='word_1_23' title='bbox 670 524 901 574; x_wconf 85' lang='lat' dir='ltr'>hypericon,</span> <span class='ocrx_word' id='word_1_24' title='bbox 947 525 1053 574; x_wconf 91' lang='lat' dir='ltr'>quod</span> <span class='ocrx_word' id='word_1_25' title='bbox 1098 525 1219 575; x_wconf 86' lang='lat' dir='ltr'>aliqui</span> <span class='ocrx_word' id='word_1_26' title='bbox 1264 539 1354 562; x_wconf 88' lang='lat' dir='ltr'>caro</span> <span class='ocrx_word' id='word_1_27' title='bbox 1370 526 1384 548; x_wconf 82' lang='lat'>¹</span> 
     </span>
     <span class='ocr_line' id='line_1_6' title="bbox 221 593 1390 643; baseline 0.003 -14"><span class='ocrx_word' id='word_1_28' title='bbox 221 593 439 643; x_wconf 89' lang='lat' dir='ltr'>appellant,</span> <span class='ocrx_word' id='word_1_29' title='bbox 468 593 563 630; x_wconf 90' lang='lat' dir='ltr'>folio</span> <span class='ocrx_word' id='word_1_30' title='bbox 590 597 886 631; x_wconf 86' lang='lat' dir='ltr'>tamaricis—et</span> <span class='ocrx_word' id='word_1_31' title='bbox 914 595 987 631; x_wconf 85' lang='lat' dir='ltr'>sub</span> <span class='ocrx_word' id='word_1_32' title='bbox 1017 607 1065 631; x_wconf 85' lang='lat' dir='ltr'>ea</span> <span class='ocrx_word' id='word_1_33' title='bbox 1091 595 1390 632; x_wconf 81' lang='lat' dir='ltr'>nascitur—sed</span> 
     </span>
     <span class='ocr_line' id='line_1_7' title="bbox 220 663 1390 714; baseline 0.003 -15"><span class='ocrx_word' id='word_1_34' title='bbox 220 664 493 714; x_wconf 81' lang='lat' dir='ltr'>pinguioribus</span> <span class='ocrx_word' id='word_1_35' title='bbox 516 663 618 700; x_wconf 87' lang='lat' dir='ltr'>foliis</span> <span class='ocrx_word' id='word_1_36' title='bbox 644 670 685 701; x_wconf 85' lang='lat' dir='ltr'>et</span> <span class='ocrx_word' id='word_1_37' title='bbox 708 663 866 700; x_wconf 80' lang='lat' dir='ltr'>mjnus2</span> <span class='ocrx_word' id='word_1_38' title='bbox 891 665 1141 709; x_wconf 86' lang='lat' dir='ltr'>rubentibus,</span> <span class='ocrx_word' id='word_1_39' title='bbox 1166 665 1390 709; x_wconf 80' lang='lat' dir='ltr'>odoratum,</span> 
     </span>
     <span class='ocr_line' id='line_1_8' title="bbox 221 733 1390 783; baseline 0.001 -13"><span class='ocrx_word' id='word_1_40' title='bbox 221 733 353 783; x_wconf 87' lang='lat' dir='ltr'>palmo</span> <span class='ocrx_word' id='word_1_41' title='bbox 393 733 524 777; x_wconf 83' lang='lat' dir='ltr'>altius,</span> <span class='ocrx_word' id='word_1_42' title='bbox 564 747 699 777; x_wconf 83' lang='lat' dir='ltr'>suave,</span> <span class='ocrx_word' id='word_1_43' title='bbox 738 733 883 771; x_wconf 90' lang='lat' dir='ltr'>leniter</span> <span class='ocrx_word' id='word_1_44' title='bbox 923 740 1098 771; x_wconf 86' lang='lat' dir='ltr'>acutum.</span> <span class='ocrx_word' id='word_1_45' title='bbox 1153 737 1209 771; x_wconf 86' lang='lat' dir='ltr'>vis</span> <span class='ocrx_word' id='word_1_46' title='bbox 1249 738 1390 772; x_wconf 91' lang='lat' dir='ltr'>semini</span> 
     </span>
     <span class='ocr_line' id='line_1_9' title="bbox 221 803 1390 848; baseline 0.002 -8"><span class='ocrx_word' id='word_1_47' title='bbox 221 803 516 848; x_wconf 77' lang='lat' dir='ltr'>excalfactoria,</span> <span class='ocrx_word' id='word_1_48' title='bbox 558 810 600 841; x_wconf 87' lang='lat' dir='ltr'>et</span> <span class='ocrx_word' id='word_1_49' title='bbox 640 804 730 841; x_wconf 90' lang='lat' dir='ltr'>ideo</span> <span class='ocrx_word' id='word_1_50' title='bbox 771 804 1127 841; x_wconf 86' lang='lat' dir='ltr'>inflammationem</span> <span class='ocrx_word' id='word_1_51' title='bbox 1169 804 1278 848; x_wconf 89' lang='lat' dir='ltr'>facit,</span> <span class='ocrx_word' id='word_1_52' title='bbox 1319 805 1390 842; x_wconf 86' lang='lat' dir='ltr'>sed</span> 
     </span>
     <span class='ocr_line' id='line_1_10' title="bbox 221 874 1390 924; baseline 0.001 -14"><span class='ocrx_word' id='word_1_53' title='bbox 221 874 426 911; x_wconf 78' lang='lat' dir='ltr'>stomacho</span> <span class='ocrx_word' id='word_1_54' title='bbox 444 887 524 911; x_wconf 88' lang='lat' dir='ltr'>non</span> <span class='ocrx_word' id='word_1_55' title='bbox 541 874 697 918; x_wconf 88' lang='lat' dir='ltr'>inutile,</span> <span class='ocrx_word' id='word_1_56' title='bbox 715 877 974 924; x_wconf 88' lang='lat' dir='ltr'>praecipuum</span> <span class='ocrx_word' id='word_1_57' title='bbox 993 874 1043 911; x_wconf 86' lang='lat' dir='ltr'>ad</span> <span class='ocrx_word' id='word_1_58' title='bbox 1061 877 1342 924; x_wconf 81' lang='lat' dir='ltr'>stranguriam,</span> <span class='ocrx_word' id='word_1_59' title='bbox 1360 878 1390 911; x_wconf 93' lang='lat' dir='ltr'>si</span> 
     </span>
     <span class='ocr_line' id='line_1_11' title="bbox 222 944 1391 994; baseline 0.001 -13"><span class='ocrx_word' id='word_1_60' title='bbox 222 944 453 982; x_wconf 86' lang='lat' dir='ltr'>exulcerata</span> <span class='ocrx_word' id='word_1_61' title='bbox 471 958 551 982; x_wconf 92' lang='lat' dir='ltr'>non</span> <span class='ocrx_word' id='word_1_62' title='bbox 570 948 621 982; x_wconf 87' lang='lat' dir='ltr'>sit</span> <span class='ocrx_word' id='word_1_63' title='bbox 641 948 782 981; x_wconf 83' lang='lat' dir='ltr'>vesica.</span> <span class='ocrx_word' id='word_1_64' title='bbox 838 945 1024 982; x_wconf 86' lang='lat' dir='ltr'>medetur</span> <span class='ocrx_word' id='word_1_65' title='bbox 1043 951 1085 982; x_wconf 86' lang='lat' dir='ltr'>et</span> <span class='ocrx_word' id='word_1_66' title='bbox 1105 945 1321 994; x_wconf 79' lang='lat' dir='ltr'>pleuriticis</span> <span class='ocrx_word' id='word_1_67' title='bbox 1343 959 1391 982; x_wconf 83' lang='lat' dir='ltr'>ex</span> 
     </span>
    </p>

    <p class='ocr_par' dir='ltr' id='par_1_4' title="bbox 154 1015 1396 1555">
     <span class='ocr_line' id='line_1_12' title="bbox 154 1015 1392 1065; baseline 0.002 -15"><span class='ocrx_word' id='word_1_68' title='bbox 154 1019 193 1049; x_wconf 89' lang='grc'>87</span> <span class='ocrx_word' id='word_1_69' title='bbox 220 1017 310 1052; x_wconf 85' lang='lat' dir='ltr'>vino</span> <span class='ocrx_word' id='word_1_70' title='bbox 349 1021 503 1065; x_wconf 86' lang='lat' dir='ltr'>potum,</span> <span class='ocrx_word' id='word_1_71' title='bbox 560 1015 640 1051; x_wconf 92' lang='lat' dir='ltr'>LV.</span> <span class='ocrx_word' id='word_1_72' title='bbox 683 1018 837 1052; x_wconf 84' lang='lat' dir='ltr'>vesicae</span> <span class='ocrx_word' id='word_1_73' title='bbox 879 1021 1016 1052; x_wconf 85' lang='lat' dir='ltr'>autem</span> <span class='ocrx_word' id='word_1_74' title='bbox 1055 1015 1255 1052; x_wconf 84' lang='lat' dir='ltr'>callithrix</span> <span class='ocrx_word' id='word_1_75' title='bbox 1294 1018 1392 1053; x_wconf 85' lang='lat' dir='ltr'>trita</span> 
     </span>
     <span class='ocr_line' id='line_1_13' title="bbox 222 1084 1394 1122; baseline 0.001 -1"><span class='ocrx_word' id='word_1_76' title='bbox 222 1084 337 1121; x_wconf 88' lang='lat' dir='ltr'>simul</span> <span class='ocrx_word' id='word_1_77' title='bbox 359 1098 449 1122; x_wconf 90' lang='lat' dir='ltr'>cum</span> <span class='ocrx_word' id='word_1_78' title='bbox 470 1088 627 1122; x_wconf 87' lang='lat' dir='ltr'>cumino</span> <span class='ocrx_word' id='word_1_79' title='bbox 650 1091 691 1122; x_wconf 87' lang='lat' dir='ltr'>et</span> <span class='ocrx_word' id='word_1_80' title='bbox 712 1085 809 1122; x_wconf 89' lang='lat' dir='ltr'>data</span> <span class='ocrx_word' id='word_1_81' title='bbox 830 1098 879 1122; x_wconf 88' lang='lat' dir='ltr'>ex</span> <span class='ocrx_word' id='word_1_82' title='bbox 902 1088 992 1122; x_wconf 88' lang='lat' dir='ltr'>vino</span> <span class='ocrx_word' id='word_1_83' title='bbox 1013 1085 1116 1122; x_wconf 87' lang='lat' dir='ltr'>albo.</span> <span class='ocrx_word' id='word_1_84' title='bbox 1171 1086 1394 1122; x_wconf 86' lang='lat' dir='ltr'>verbenaca</span> 
     </span>
     <span class='ocr_line' id='line_1_14' title="bbox 223 1154 1394 1204; baseline 0 -13"><span class='ocrx_word' id='word_1_85' title='bbox 223 1168 382 1204; x_wconf 91' lang='lat' dir='ltr'>quoque</span> <span class='ocrx_word' id='word_1_86' title='bbox 407 1168 498 1192; x_wconf 89' lang='lat' dir='ltr'>cum</span> <span class='ocrx_word' id='word_1_87' title='bbox 522 1154 625 1192; x_wconf 88' lang='lat' dir='ltr'>foliis</span> <span class='ocrx_word' id='word_1_88' title='bbox 650 1155 817 1192; x_wconf 91' lang='lat' dir='ltr'>decocta</span> <span class='ocrx_word' id='word_1_89' title='bbox 842 1155 892 1192; x_wconf 88' lang='lat' dir='ltr'>ad</span> <span class='ocrx_word' id='word_1_90' title='bbox 917 1158 1058 1192; x_wconf 84' lang='lat' dir='ltr'>tertias</span> <span class='ocrx_word' id='word_1_91' title='bbox 1084 1155 1146 1192; x_wconf 89' lang='lat' dir='ltr'>vel</span> <span class='ocrx_word' id='word_1_92' title='bbox 1171 1155 1283 1191; x_wconf 84' lang='lat' dir='ltr'>radix</span> <span class='ocrx_word' id='word_1_93' title='bbox 1310 1158 1394 1192; x_wconf 90' lang='lat' dir='ltr'>eius</span> 
     </span>
     <span class='ocr_line' id='line_1_15' title="bbox 222 1224 1393 1275; baseline 0 -14"><span class='ocrx_word' id='word_1_94' title='bbox 222 1238 245 1261; x_wconf 90' lang='lat' dir='ltr'>e</span> <span class='ocrx_word' id='word_1_95' title='bbox 271 1224 399 1261; x_wconf 90' lang='lat' dir='ltr'>mulso</span> <span class='ocrx_word' id='word_1_96' title='bbox 426 1224 554 1262; x_wconf 92' lang='lat' dir='ltr'>calido</span> <span class='ocrx_word' id='word_1_97' title='bbox 581 1225 750 1262; x_wconf 87' lang='lat' dir='ltr'>calculos</span> <span class='ocrx_word' id='word_1_98' title='bbox 779 1228 885 1268; x_wconf 88' lang='lat' dir='ltr'>eicit,</span> <span class='ocrx_word' id='word_1_99' title='bbox 913 1227 1012 1261; x_wconf 89' lang='lat' dir='ltr'>item</span> <span class='ocrx_word' id='word_1_100' title='bbox 1039 1238 1261 1274; x_wconf 89' lang='lat' dir='ltr'>perpressa,</span> <span class='ocrx_word' id='word_1_101' title='bbox 1290 1238 1393 1275; x_wconf 85' lang='lat' dir='ltr'>quae</span> 
     </span>
     <span class='ocr_line' id='line_1_16' title="bbox 223 1295 1393 1346; baseline 0.001 -15"><span class='ocrx_word' id='word_1_102' title='bbox 223 1296 357 1332; x_wconf 87' lang='lat' dir='ltr'>Arreti</span> <span class='ocrx_word' id='word_1_103' title='bbox 389 1301 431 1333; x_wconf 89' lang='lat' dir='ltr'>et</span> <span class='ocrx_word' id='word_1_104' title='bbox 461 1298 501 1331; x_wconf 90' lang='lat' dir='ltr'>in</span> <span class='ocrx_word' id='word_1_105' title='bbox 533 1295 691 1346; x_wconf 86' lang='lat' dir='ltr'>Illyrico</span> <span class='ocrx_word' id='word_1_106' title='bbox 722 1298 909 1339; x_wconf 87' lang='lat' dir='ltr'>nascitur,</span> <span class='ocrx_word' id='word_1_107' title='bbox 940 1298 979 1331; x_wconf 93' lang='lat' dir='ltr'>in</span> <span class='ocrx_word' id='word_1_108' title='bbox 1012 1308 1116 1345; x_wconf 86' lang='lat' dir='ltr'>aqua</span> <span class='ocrx_word' id='word_1_109' title='bbox 1146 1295 1313 1332; x_wconf 88' lang='lat' dir='ltr'>decocta</span> <span class='ocrx_word' id='word_1_110' title='bbox 1344 1308 1393 1332; x_wconf 89' lang='lat' dir='ltr'>ex</span> 
     </span>
     <span class='ocr_line' id='line_1_17' title="bbox 223 1364 1395 1414; baseline 0 -13"><span class='ocrx_word' id='word_1_111' title='bbox 223 1366 349 1401; x_wconf 83' lang='lat' dir='ltr'>tribus</span> <span class='ocrx_word' id='word_1_112' title='bbox 386 1365 555 1402; x_wconf 86' lang='lat' dir='ltr'>heminis</span> <span class='ocrx_word' id='word_1_113' title='bbox 594 1366 644 1402; x_wconf 91' lang='lat' dir='ltr'>ad</span> <span class='ocrx_word' id='word_1_114' title='bbox 681 1379 802 1402; x_wconf 89' lang='lat' dir='ltr'>unam</span> <span class='ocrx_word' id='word_1_115' title='bbox 839 1371 949 1414; x_wconf 86' lang='lat' dir='ltr'>pota,</span> <span class='ocrx_word' id='word_1_116' title='bbox 987 1364 1180 1402; x_wconf 85' lang='lat' dir='ltr'>trifolium</span> <span class='ocrx_word' id='word_1_117' title='bbox 1218 1378 1267 1402; x_wconf 89' lang='lat' dir='ltr'>ex</span> <span class='ocrx_word' id='word_1_118' title='bbox 1304 1368 1395 1401; x_wconf 87' lang='lat' dir='ltr'>vino</span> 
     </span>
     <span class='ocr_line' id='line_1_18' title="bbox 224 1434 1394 1485; baseline 0 -14"><span class='ocrx_word' id='word_1_119' title='bbox 224 1441 429 1484; x_wconf 89' lang='lat' dir='ltr'>sumptum</span> <span class='ocrx_word' id='word_1_120' title='bbox 478 1442 519 1472; x_wconf 91' lang='lat' dir='ltr'>et</span> <span class='ocrx_word' id='word_1_121' title='bbox 567 1435 936 1485; x_wconf 77' lang='lat' dir='ltr'>chrysanthemum,</span> <span class='ocrx_word' id='word_1_122' title='bbox 986 1434 1184 1471; x_wconf 89' lang='lat' dir='ltr'>anthemis</span> <span class='ocrx_word' id='word_1_123' title='bbox 1234 1448 1394 1485; x_wconf 92' lang='lat' dir='ltr'>quoque</span> 
     </span>
     <span class='ocr_line' id='line_1_19' title="bbox 223 1504 1396 1555; baseline -0.001 -13"><span class='ocrx_word' id='word_1_124' title='bbox 223 1505 391 1542; x_wconf 85' lang='lat' dir='ltr'>calculos</span> <span class='ocrx_word' id='word_1_125' title='bbox 419 1508 525 1550; x_wconf 87' lang='lat' dir='ltr'>eicit,</span> <span class='ocrx_word' id='word_1_126' title='bbox 553 1509 681 1555; x_wconf 86' lang='lat' dir='ltr'>parvis</span> <span class='ocrx_word' id='word_1_127' title='bbox 710 1519 733 1542; x_wconf 89' lang='lat' dir='ltr'>a</span> <span class='ocrx_word' id='word_1_128' title='bbox 759 1505 891 1542; x_wconf 87' lang='lat' dir='ltr'>radice</span> <span class='ocrx_word' id='word_1_129' title='bbox 918 1505 1020 1542; x_wconf 87' lang='lat' dir='ltr'>foliis</span> <span class='ocrx_word' id='word_1_130' title='bbox 1048 1508 1191 1555; x_wconf 90' lang='lat' dir='ltr'>quinis,</span> <span class='ocrx_word' id='word_1_131' title='bbox 1218 1504 1396 1542; x_wconf 88' lang='lat' dir='ltr'>caulibus</span> 
     </span>
    </p>
   </div>
   <div class='ocr_carea' id='block_1_3' title="bbox 230 1606 1394 1690">
    <p class='ocr_par' dir='ltr' id='par_1_5' title="bbox 230 1606 1394 1690">
     <span class='ocr_line' id='line_1_20' title="bbox 276 1606 1394 1648; baseline -0.002 -10"><span class='ocrx_word' id='word_1_132' title='bbox 276 1608 287 1625; x_wconf 81' lang='lat'>1</span> <span class='ocrx_word' id='word_1_133' title='bbox 312 1618 388 1638; x_wconf 87' lang='lat' dir='ltr'>caro</span> <span class='ocrx_word' id='word_1_134' title='bbox 408 1608 496 1639; x_wconf 84' lang='lat' dir='ltr'>codd.</span> <span class='ocrx_word' id='word_1_135' title='bbox 501 1607 714 1648; x_wconf 73' lang='lat' dir='ltr'>‚Detlef-sen:</span> <span class='ocrx_word' id='word_1_136' title='bbox 745 1609 836 1638; x_wconf 86' lang='lat' dir='ltr'>corin</span> <span class='ocrx_word' id='word_1_137' title='bbox 857 1618 871 1638; x_wconf 81' lang='lat' dir='ltr'>e</span> <span class='ocrx_word' id='word_1_138' title='bbox 890 1607 1079 1638; x_wconf 63' lang='lat' dir='ltr'>Dioscorida</span> <span class='ocrx_word' id='word_1_139' title='bbox 1098 1606 1295 1638; x_wconf 70' lang='lat' dir='ltr'>Hermolaus</span> <span class='ocrx_word' id='word_1_140' title='bbox 1314 1607 1394 1637; x_wconf 87' lang='lat' dir='ltr'>Bar-</span> 
     </span>
     <span class='ocr_line' id='line_1_21' title="bbox 230 1649 784 1690; baseline 0.002 -10"><span class='ocrx_word' id='word_1_141' title='bbox 230 1649 348 1681; x_wconf 76' lang='lat' dir='ltr'>barus:</span> <span class='ocrx_word' id='word_1_142' title='bbox 384 1661 485 1681; x_wconf 87' lang='lat' dir='ltr'>caron</span> <span class='ocrx_word' id='word_1_143' title='bbox 505 1650 600 1689; x_wconf 64' lang='lat' dir='ltr'>tuly„</span> <span class='ocrx_word' id='word_1_144' title='bbox 623 1650 784 1690; x_wconf 72' lang='lat' dir='ltr'>Mayhoff.</span> 
     </span>
    </p>
   </div>
   <div class='ocr_carea' id='block_1_4' title="bbox 273 1692 1394 1733">
    <p class='ocr_par' dir='ltr' id='par_1_6' title="bbox 273 1692 1394 1733">
     <span class='ocr_line' id='line_1_22' title="bbox 273 1692 1394 1733; baseline -0.001 -9"><span class='ocrx_word' id='word_1_145' title='bbox 273 1693 285 1711; x_wconf 82' lang='lat'><strong>²</strong></span> <span class='ocrx_word' id='word_1_146' title='bbox 309 1694 434 1733; x_wconf 89' lang='lat' dir='ltr'>minus]</span> <span class='ocrx_word' id='word_1_147' title='bbox 452 1694 593 1724; x_wconf 78' lang='lat' dir='ltr'>minutis</span> <span class='ocrx_word' id='word_1_148' title='bbox 611 1693 767 1733; x_wconf 69' lang='lat' dir='ltr'>Dlayhoff</span> <span class='ocrx_word' id='word_1_149' title='bbox 780 1703 795 1724; x_wconf 85' lang='lat' dir='ltr'>e</span> <span class='ocrx_word' id='word_1_150' title='bbox 812 1692 1012 1729; x_wconf 72' lang='lat' dir='ltr'>Dioscorida,</span> <span class='ocrx_word' id='word_1_151' title='bbox 1030 1693 1086 1733; x_wconf 83' lang='lat' dir='ltr'>qui</span> <span class='ocrx_word' id='word_1_152' title='bbox 1103 1692 1214 1724; x_wconf 76' lang='lat' dir='ltr'>scribit</span> <span class='ocrx_word' id='word_1_153' title='bbox 1233 1692 1302 1731; x_wconf 94' lang='lat' dir='ltr'>(III</span> <span class='ocrx_word' id='word_1_154' title='bbox 1322 1693 1394 1730; x_wconf 91' lang='grc'><strong>157)</strong></span> 
     </span>
    </p>
   </div>
   <div class='ocr_carea' id='block_1_5' title="bbox 231 1734 1394 1819">
    <p class='ocr_par' dir='ltr' id='par_1_7' title="bbox 231 1734 1394 1819">
     <span class='ocr_line' id='line_1_23' title="bbox 231 1734 1394 1776; baseline 0 -10"><span class='ocrx_word' id='word_1_155' title='bbox 231 1735 352 1775; x_wconf 79' lang='grc' dir='ltr'>φύλλον</span> <span class='ocrx_word' id='word_1_156' title='bbox 382 1735 447 1776; x_wconf 85' lang='grc' dir='ltr'>ἔχει</span> <span class='ocrx_word' id='word_1_157' title='bbox 481 1735 706 1776; x_wconf 84' lang='grc' dir='ltr'>παραπλήσιον</span> <span class='ocrx_word' id='word_1_158' title='bbox 739 1738 785 1776; x_wconf 82' lang='grc' dir='ltr'>τῷ</span> <span class='ocrx_word' id='word_1_159' title='bbox 812 1739 868 1776; x_wconf 82' lang='grc' dir='ltr'>τῆς</span> <span class='ocrx_word' id='word_1_160' title='bbox 896 1735 1030 1776; x_wconf 84' lang='grc' dir='ltr'>ἐρείκης,</span> <span class='ocrx_word' id='word_1_161' title='bbox 1059 1735 1248 1775; x_wconf 88' lang='grc' dir='ltr'>μικρότερον</span> <span class='ocrx_word' id='word_1_162' title='bbox 1279 1734 1313 1767; x_wconf 85' lang='grc' dir='ltr'>δὲ</span> <span class='ocrx_word' id='word_1_163' title='bbox 1343 1735 1394 1766; x_wconf 75' lang='grc' dir='ltr'><em>καῖ</em></span> 
     </span>
     <span class='ocr_line' id='line_1_24' title="bbox 231 1777 1092 1819; baseline 0 -11"><span class='ocrx_word' id='word_1_164' title='bbox 231 1777 453 1819; x_wconf 83' lang='grc' dir='ltr'>λιπαρώτερον</span> <span class='ocrx_word' id='word_1_165' title='bbox 469 1793 523 1811; x_wconf 87' lang='grc' dir='ltr'>και</span> <span class='ocrx_word' id='word_1_166' title='bbox 539 1779 679 1819; x_wconf 83' lang='grc' dir='ltr'>ἐρυθρόν.</span> <span class='ocrx_word' id='word_1_167' title='bbox 727 1778 879 1809; x_wconf 74' lang='lat' dir='ltr'>Fortasse</span> <span class='ocrx_word' id='word_1_168' title='bbox 894 1778 1092 1809; x_wconf 76' lang='lat' dir='ltr'>minoribus.</span> 
     </span>
    </p>
   </div>
   <div class='ocr_carea' id='block_1_6' title="bbox 225 1940 1398 2111">
    <p class='ocr_par' dir='ltr' id='par_1_8' title="bbox 270 1940 1072 1983">
     <span class='ocr_line' id='line_1_25' title="bbox 270 1940 1072 1983; baseline -0.001 -9"><span class='ocrx_word' id='word_1_169' title='bbox 270 1947 284 1962; x_wconf 80' lang='lat'>&#39;²</span> <span class='ocrx_word' id='word_1_170' title='bbox 308 1942 354 1974; x_wconf 93' lang='lat' dir='ltr'>Or</span> <span class='ocrx_word' id='word_1_171' title='bbox 371 1943 390 1954; x_wconf 93' lang='grc'><strong>“</strong></span> <span class='ocrx_word' id='word_1_172' title='bbox 407 1942 631 1983; x_wconf 74' lang='lat' dir='ltr'>astringent‚&#39;’</span> <span class='ocrx_word' id='word_1_173' title='bbox 647 1942 792 1982; x_wconf 84' lang='lat' dir='ltr'>perhaps</span> <span class='ocrx_word' id='word_1_174' title='bbox 810 1942 828 1954; x_wconf 84' lang='grc'>“</span> <span class='ocrx_word' id='word_1_175' title='bbox 841 1940 1072 1981; x_wconf 79' lang='lat' dir='ltr'>thickening.’&#39;</span> 
     </span>
    </p>

    <p class='ocr_par' dir='ltr' id='par_1_9' title="bbox 225 1984 1398 2111">
     <span class='ocr_line' id='line_1_26' title="bbox 272 1984 1396 2026; baseline -0.001 -10"><span class='ocrx_word' id='word_1_176' title='bbox 272 1986 284 2004; x_wconf 78' lang='lat'><em>⁶</em></span> <span class='ocrx_word' id='word_1_177' title='bbox 307 1985 341 2016; x_wconf 77' lang='lat' dir='ltr'>It</span> <span class='ocrx_word' id='word_1_178' title='bbox 360 1986 388 2016; x_wconf 87' lang='lat' dir='ltr'>is</span> <span class='ocrx_word' id='word_1_179' title='bbox 407 1987 577 2026; x_wconf 71' lang='lat' dir='ltr'>tempting</span> <span class='ocrx_word' id='word_1_180' title='bbox 596 1989 633 2016; x_wconf 86' lang='lat' dir='ltr'>to</span> <span class='ocrx_word' id='word_1_181' title='bbox 653 1985 774 2016; x_wconf 88' lang='lat' dir='ltr'>emend</span> <span class='ocrx_word' id='word_1_182' title='bbox 794 1988 830 2015; x_wconf 86' lang='lat' dir='ltr'>to</span> <span class='ocrx_word' id='word_1_183' title='bbox 851 1985 1032 2015; x_wconf 74' lang='lat' dir='ltr'>minoribus</span> <span class='ocrx_word' id='word_1_184' title='bbox 1053 1984 1180 2023; x_wconf 78' lang='lat' dir='ltr'>(rather</span> <span class='ocrx_word' id='word_1_185' title='bbox 1199 1984 1283 2015; x_wconf 74' lang='lat' dir='ltr'>than</span> <span class='ocrx_word' id='word_1_186' title='bbox 1303 1984 1396 2025; x_wconf 84' lang='lat' dir='ltr'>May-</span> 
     </span>
     <span class='ocr_line' id='line_1_27' title="bbox 225 2027 1398 2068; baseline -0.001 -9"><span class='ocrx_word' id='word_1_187' title='bbox 225 2029 298 2059; x_wconf 87' lang='lat' dir='ltr'>hoff</span> <span class='ocrx_word' id='word_1_188' title='bbox 302 2029 326 2059; x_wconf 84' lang='lat' dir='ltr'>’s</span> <span class='ocrx_word' id='word_1_189' title='bbox 341 2028 491 2067; x_wconf 71' lang='lat' dir='ltr'>minutis)</span> <span class='ocrx_word' id='word_1_190' title='bbox 511 2039 547 2059; x_wconf 85' lang='lat' dir='ltr'>so</span> <span class='ocrx_word' id='word_1_191' title='bbox 566 2038 602 2059; x_wconf 83' lang='lat' dir='ltr'>as</span> <span class='ocrx_word' id='word_1_192' title='bbox 619 2032 655 2058; x_wconf 88' lang='lat' dir='ltr'>to</span> <span class='ocrx_word' id='word_1_193' title='bbox 674 2028 770 2068; x_wconf 84' lang='lat' dir='ltr'>bring</span> <span class='ocrx_word' id='word_1_194' title='bbox 789 2027 887 2068; x_wconf 88' lang='lat' dir='ltr'>Pliny</span> <span class='ocrx_word' id='word_1_195' title='bbox 906 2027 1010 2058; x_wconf 87' lang='lat' dir='ltr'>closer</span> <span class='ocrx_word' id='word_1_196' title='bbox 1026 2031 1063 2058; x_wconf 74' lang='lat' dir='ltr'>to</span> <span class='ocrx_word' id='word_1_197' title='bbox 1081 2027 1304 2063; x_wconf 84' lang='lat' dir='ltr'>Dioscorides,</span> <span class='ocrx_word' id='word_1_198' title='bbox 1323 2027 1398 2058; x_wconf 86' lang='lat' dir='ltr'>who</span> 
     </span>
     <span class='ocr_line' id='line_1_28' title="bbox 225 2069 1398 2111; baseline -0.001 -9"><span class='ocrx_word' id='word_1_199' title='bbox 225 2071 286 2102; x_wconf 81' lang='lat' dir='ltr'>has</span> <span class='ocrx_word' id='word_1_200' title='bbox 310 2071 499 2111; x_wconf 87' lang='grc' dir='ltr'>μικρότερον</span> <span class='ocrx_word' id='word_1_201' title='bbox 523 2070 677 2111; x_wconf 84' lang='grc' dir='ltr'>(φύλλον).</span> <span class='ocrx_word' id='word_1_202' title='bbox 726 2070 778 2102; x_wconf 90' lang='lat' dir='ltr'>On</span> <span class='ocrx_word' id='word_1_203' title='bbox 802 2070 860 2101; x_wconf 81' lang='lat' dir='ltr'>the</span> <span class='ocrx_word' id='word_1_204' title='bbox 885 2070 982 2101; x_wconf 81' lang='lat' dir='ltr'>other</span> <span class='ocrx_word' id='word_1_205' title='bbox 1006 2070 1099 2101; x_wconf 87' lang='lat' dir='ltr'>hand</span> <span class='ocrx_word' id='word_1_206' title='bbox 1121 2070 1180 2101; x_wconf 80' lang='lat' dir='ltr'>the</span> <span class='ocrx_word' id='word_1_207' title='bbox 1204 2069 1297 2101; x_wconf 85' lang='lat' dir='ltr'>MSS.</span> <span class='ocrx_word' id='word_1_208' title='bbox 1321 2071 1398 2111; x_wconf 82' lang='lat' dir='ltr'>give</span> 
     </span>
    </p>
   </div>
   <div class='ocr_carea' id='block_1_7' title="bbox 225 2134 294 2180">
    <p class='ocr_par' dir='ltr' id='par_1_10' title="bbox 225 2134 294 2180">
     <span class='ocr_line' id='line_1_29' title="bbox 225 2134 294 2180; baseline 0 -12"><span class='ocrx_word' id='word_1_209' title='bbox 225 2134 294 2180; x_wconf 86' lang='lat'>328</span> 
     </span>
    </p>
   </div>
  </div>
 </body>
</html>
