1459 2288
137 276 192 305 141

136 1020 194 1050 143

135 1341 194 1370 144

421 165 616 202 PLINY:
662 165 925 202 NATURAL
959 164 1195 202 HISTORY

222 270 379 320 lycium.
434 269 665 319 lysimachia
681 270 908 306 recentibus
927 269 1053 319 plagis
1071 269 1269 312 medetur,
1287 268 1397 318 plan-

223 330 317 373 tago
339 326 513 359 omnium
536 335 730 373 generum
752 322 962 365 ulceribus,
984 322 1236 371 peculiariter
1257 335 1396 358 senum

223 383 265 413 et
296 376 520 412 infantium.
576 379 657 425 igni
690 376 867 412 emollita
898 376 1037 412 melior
1069 382 1111 412 et
1142 389 1231 412 cum
1263 382 1397 412 cerato

222 443 352 466 crassa
382 429 558 466 ulcerum
590 429 700 465 labra
731 435 890 479 purgat,
921 442 1059 465 nomas
1091 431 1206 465 sistit.
1260 431 1396 465 tritam

222 486 300 519 suis
334 482 434 519 foliis
467 485 648 532 integere
683 488 854 532 oportet.
909 485 1226 532 suppurationes,
1259 482 1397 519 collec-

222 539 364 579 tiones,
396 539 502 572 sinus
535 536 711 572 ulcerum
743 535 966 572 chelidonia
997 549 1156 585 quoque
1188 538 1397 579 siccantur,

222 589 382 626 volnera
400 590 500 626 adeo
517 595 563 626 ut
581 592 703 625 etiam
720 603 791 638 pro
809 589 946 638 spodio
963 595 1141 632 utantur,
1160 589 1301 625 eadem
1319 591 1397 625 iam

177 652 183 660 ·
222 643 442 692 desperatis
463 656 552 679 cum
573 645 747 692 axungia
766 645 980 691 inponitur.
1035 642 1281 679 dictamnum
1302 648 1398 691 pota

222 699 389 746 sagittas
412 696 527 745 pellit
549 702 590 732 et
613 696 689 732 alia
710 695 793 732 tela
816 695 991 732 extrahit
1011 696 1326 732 inlita—bibitur
1348 709 1396 732 ex

223 763 350 799 aquae
402 749 548 799 cyatho
598 748 779 785 foliorum
833 749 1178 798 obolo—proxime
1230 749 1398 798 pseudo-

221 803 490 845 dictamnun13
555 808 724 851 utraque
775 808 817 838 et
867 805 1170 851 suppurationes
1220 803 1395 839 discutit.

222 856 471 893 aristolochia
515 869 673 904 quoque
717 858 850 905 putria
893 856 1026 892 ulcera
1069 861 1196 899 exest,
1241 855 1398 892 sordida

221 916 365 959 purgat
385 923 475 945 cum
493 909 612 945 melle
632 922 865 958 vermesque
886 909 1074 952 extrahit,
1093 912 1191 945 item
1210 908 1338 945 clavos
1356 911 1397 945 in

221 962 352 999 ulcere
372 968 486 998 natos
508 968 549 997 et
568 961 690 997 infixa
709 964 859 1010 corpori
880 964 1024 1005 omnia,
1044 964 1256 1010 praecipue
1277 964 1397 1011 sagit-

222 1021 283 1052 tas
304 1021 345 1051 et
364 1028 451 1051 ossa
470 1014 596 1051 fracta
615 1028 703 1050 cum
722 1018 864 1058 resina,
884 1028 980 1051 cava
997 1027 1089 1051 vero
1108 1015 1240 1051 ulcera
1259 1015 1396 1064 explet

223 1082 294 1118 per
331 1081 372 1105 se
412 1075 453 1104 et
491 1081 581 1104 cum
618 1068 730 1111 iride,
768 1071 945 1104 recentia
981 1068 1143 1104 volnera
1181 1081 1230 1105 ex
1269 1074 1396 1111 aceto,

223 1128 359 1158 vetera
382 1121 515 1158 ulcera
538 1122 772 1164 verbenaca,
798 1120 1113 1171 quinquefolium
1136 1134 1225 1158 cum
1249 1121 1330 1158 sale
1355 1127 1397 1158 et

220 1175 352 1211 melle.
406 1175 557 1211 radices
593 1175 831 1224 persollatae
868 1175 1091 1211 volneribus
1127 1174 1230 1211 ferro
1264 1175 1396 1211 inlatis

221 1229 447 1265 recentibus
471 1231 729 1277 inponuntur,
754 1227 848 1264 folia
871 1229 1085 1271 veteribus,
1110 1241 1199 1264 cum
1224 1231 1397 1278 axungia

221 1288 449 1331 utrumque,
474 1288 515 1319 et
538 1295 608 1318 suo
631 1280 725 1318 folio
749 1284 937 1331 operitur,
961 1282 1235 1319 damasonium
1251 1281 1266 1303 1
1288 1288 1334 1318 ut
1355 1284 1395 1317 in

221 1341 385 1378 struma,
404 1334 498 1371 folia
516 1335 692 1371 verbasci
712 1348 760 1371 ex
780 1341 895 1372 aceto
913 1341 984 1372 aut
1001 1337 1103 1371 vino.
1158 1337 1395 1384 peristereos

269 1440 279 1458 ¹
304 1440 494 1476 veteribus;
532 1450 608 1470 cum
633 1441 781 1480 axungia
805 1441 976 1480 utrimque
999 1444 1035 1471 et
1058 1450 1119 1471 suo
1143 1440 1222 1471 folio
1246 1441 1395 1481 operitur

222 1483 458 1514 damasonium
476 1482 638 1523 Mayhoff.

260 1654 275 1669 ⁰
297 1650 364 1682 For
379 1651 505 1692 lycium
522 1661 575 1681 see
592 1650 714 1681 XXIV
729 1651 760 1689 ἓξ
780 1651 839 1680 124
856 1650 924 1682 foll.

265 1693 277 1712 ὁ
299 1693 370 1725 The
387 1694 566 1725 difference
585 1693 736 1724 between
752 1693 852 1733 playa
871 1692 1005 1734 (πληγή)
1024 1693 1092 1724 and
1110 1693 1224 1725 volnus
1243 1696 1392 1735 (τραῦμα)

217 1747 323 1768 seems
339 1737 416 1768 here
431 1741 468 1767 to
485 1736 525 1767 be
541 1736 599 1766 nil.
648 1736 756 1767 Littre
772 1736 832 1767 has
846 1736 935 1776 plaie
951 1736 1002 1767 for
1018 1736 1111 1768 both.

260 1783 271 1797 ⁶
294 1779 477 1820 Mayhoff's
509 1779 726 1810 emendation
759 1779 836 1810 here
868 1789 975 1810 seems
1007 1783 1043 1810 to
1075 1781 1150 1820 give
1182 1779 1241 1810 the
1272 1790 1367 1811 sense
1383 1793 1390 1811 z

219 1821 238 1834 “
253 1822 491 1853 damasonium
510 1822 591 1852 with
611 1822 816 1862 axle-grease
836 1833 877 1852 on
899 1821 982 1853 both
1001 1822 1088 1853 sides
1106 1823 1134 1853 is
1153 1823 1295 1853 covered
1313 1833 1393 1854 over

217 1865 299 1896 with
318 1866 362 1896 its
382 1875 456 1895 own
476 1864 622 1895 leaves.”
671 1864 704 1895 It
723 1866 750 1895 is
770 1864 913 1895 difficule
932 1868 968 1896 to
988 1868 1078 1896 state
1098 1865 1179 1896 with
1200 1865 1392 1897 confidence

216 1908 308 1939 what
320 1909 359 1945 is,
373 1918 410 1939 01·
422 1909 450 1939 is
462 1912 535 1944 not,
549 1906 694 1948 possible
707 1908 741 1938 in
755 1918 774 1937 a
787 1918 927 1948 passage
940 1918 976 1938 so
990 1908 1195 1948 amorphous
1208 1909 1242 1939 in
1255 1908 1342 1949 style
1355 1919 1392 1940 as

216 1951 274 1981 the
291 1954 437 1991 present,
452 1950 514 1981 but
530 1951 625 1981 there
643 1960 704 1981 can
720 1950 841 1990 hardly
856 1950 896 1980 be
909 1961 977 1991 any
990 1950 1160 1990 objection
1173 1954 1210 1981 to
1222 1955 1391 1991 utrumque

216 1995 249 2024 in
263 1993 321 2024 the
335 2003 430 2024 sense
445 1993 483 2023 of
494 1993 513 2004 “
528 1993 636 2023 either
649 1993 892 2033 applicati0n‚’'
907 1993 1087 2033 especially
1100 1993 1196 2024 when
1210 1994 1268 2024 the
1283 1994 1390 2025 words

215 2036 361 2067 referred
377 2039 414 2067 to
432 2035 580 2074 (radices,
590 2035 690 2075 solia)
709 2046 764 2067 are
781 2035 820 2066 of
832 2035 989 2067 different
1004 2036 1156 2077 genders,
1174 2036 1242 2067 and
1258 2037 1340 2068 each
1357 2037 1395 2067 of

218 2109 288 2146 370
