1459 2288
90 481 148 512 109

91 911 152 942 110

94 1343 151 1373 111

368 188 563 225 PLINY:
609 187 872 225 NATURAL
906 187 1143 224 HISTORY

169 305 425 343 purpureum,
445 291 643 341 pusillum.
698 293 871 327 nascitur
888 293 928 326 in
946 293 1081 340 pratis.
1136 290 1346 328 decoctum

170 353 449 390 cauliculorum
482 356 564 389 eius
595 355 635 388 in
666 354 757 388 vino
789 357 948 388 austero
980 357 1175 401 quantum
1206 365 1345 389 manus

168 418 297 464 capiat
315 415 496 451 dentium
514 413 637 450 dolori
655 413 841 450 medetur
856 415 914 449 ita
930 419 976 449 ut
992 415 1246 449 contineatur
1262 426 1342 450 ore.

220 476 417 512 LXXXV.
447 474 637 512 Othonna
651 477 691 510 in
707 473 818 524 Syria
833 476 1020 517 nascitur,
1036 474 1174 511 similis
1191 487 1347 518 erucae,

171 537 377 588 perforatis
415 537 552 573 crebro
588 535 703 579 foliis,
734 535 829 572 flore
865 535 997 579 croci‚1
1027 548 1148 585 quare
1186 535 1344 585 quidam

169 612 406 636 anemonen]
422 603 673 635 vocaverunt.
729 610 842 633 sucus
859 600 941 633 eius
958 596 1159 633 oculorum
1174 596 1347 633 medica-

170 663 315 697 mentis
351 662 547 696 convenit.
602 658 759 695 mordet
795 661 900 695 enim
935 658 1079 695 leniter
1114 664 1156 695 et
1190 657 1348 695 calfacit

171 722 462 771 adstringitque
476 720 658 757 siccando
671 732 680 763 3
706 726 851 769 purgat
865 722 1065 756 cicatrices
1079 726 1121 756 et
1132 720 1348 756 nubeculas

172 790 213 820 et
234 783 420 833 quicquid
441 783 586 819 obstet.
642 781 804 831 quidam
824 781 989 818 tradunt
1008 781 1129 818 lavari
1151 787 1272 831 atque
1291 784 1349 818 ita

172 848 358 881 siccatam
376 844 501 894 digeri
520 847 559 880 in
578 843 766 893 pastillos.

223 906 442 943 LXXXVI.
473 905 649 942 Onosma
672 904 792 954 longa
817 903 911 941 folia
935 903 1059 941 habet
1083 903 1166 941 fere
1193 904 1243 941 ad
1267 910 1349 941 tres

171 968 331 1018 digitos,
344 971 384 1004 in
404 974 511 1004 terra
530 969 715 1009 iacentia,
729 966 779 1002 ad
799 965 1099 1002 similitudinem
1121 965 1349 1009 anchusae,2

172 1033 255 1066 sine
277 1029 402 1072 caule,
424 1032 507 1065 sine
530 1028 638 1071 flore,
659 1030 743 1064 sine
765 1030 928 1064 semine.
982 1040 1192 1077 praegnas,
1213 1030 1244 1064 si
1266 1027 1351 1064 edit

173 1104 260 1128 eam
281 1097 350 1127 aut
369 1089 706 1140 supergradiatur,
726 1089 910 1126 abortum
928 1087 1059 1125 facere
1077 1088 1234 1125 dicitur.

222 1152 463 1189 LXXXVII.
494 1150 737 1201 Onopradon
758 1153 787 1187 si
809 1150 1084 1193 comederunt,
1105 1152 1203 1186 asini
1224 1153 1347 1199 crepi-

173 1221 237 1251 tus
253 1214 421 1251 reddere
437 1213 635 1249 dicuntur.
690 1211 814 1249 trahit
829 1214 960 1248 urinas
977 1217 1018 1248 et
1033 1224 1204 1255 menses,
1220 1210 1350 1248 alvum

173 1279 290 1319 sistit,
310 1277 614 1325 suppurationes
636 1280 677 1311 et
697 1273 950 1310 collectiones
971 1273 1145 1310 discutit.

226 1336 490 1373 LXXXVIII.
521 1335 656 1386 Osyris
691 1335 862 1372 ramulos
898 1333 977 1371 fert
1012 1337 1158 1384 nigros,
1194 1340 1350 1378 tenues,

175 1399 316 1442 lentos,
350 1405 391 1435 et
422 1401 463 1434 in
494 1397 553 1434 his
586 1396 680 1433 folia
712 1399 825 1446 nigra
856 1409 929 1433 ceu
961 1396 1028 1432 lini
1062 1409 1280 1445 semenque
1311 1398 1351 1432 in

176 1460 333 1497 ramulis
356 1463 512 1509 nigrum
533 1461 659 1502 initio,
681 1458 774 1494 dein
796 1457 925 1494 colore
947 1463 1104 1494 mutato
1125 1457 1350 1494 rubescens.

175 1527 399 1571 smegmata
428 1521 658 1557 mulieribus
689 1518 839 1556 faciunt
871 1532 920 1556 ex
950 1519 1021 1555 his.
1078 1518 1255 1555 radicum
1285 1518 1352 1555 de-

175 1590 331 1620 coctum
371 1589 468 1632 potu
508 1588 622 1618 sanat
662 1587 860 1631 arquatos.
917 1580 1084 1617 eaedem
1122 1582 1351 1630 priusquam

175 1651 418 1682 maturescat
451 1657 587 1680 semen
619 1645 798 1679 concisae
832 1648 873 1679 et
905 1641 986 1678 sole
1019 1644 1188 1678 siccatae
1221 1641 1352 1677 alvum

175 1710 332 1743 sistunt.
388 1712 477 1755 post
496 1707 773 1741 maturitatem
792 1717 884 1740 vero
903 1703 1094 1740 collectae
1114 1709 1156 1739 et
1174 1705 1214 1739 in
1233 1702 1353 1739 sorbi-

175 1771 284 1805 tione
303 1767 493 1804 decoctae
512 1766 806 1803 rheumatismis
825 1767 972 1801 ventris
991 1764 1205 1801 medentur
1223 1769 1265 1801 et
1283 1776 1353 1813 per

176 1843 217 1866 se
236 1832 356 1866 tritae
377 1842 425 1865 ex
446 1842 549 1878 aqua
567 1827 729 1864 caelesti
748 1827 950 1863 bibuntur.

231 1926 240 1943 ¹
265 1926 351 1956 croci
369 1935 385 1954 e
400 1923 613 1955 Dioscoridae
632 1923 714 1961 vulq.
731 1936 738 1954 ε
770 1922 858 1953 cocci
875 1921 982 1952 VRdf
993 1921 1168 1962 Detlefsen.

229 1969 241 1988 ²
264 1968 343 1998 Post
372 1967 543 1998 anchusae
569 1966 606 1996 in
633 1965 722 1996 codd.
748 1965 861 1996 incisis
888 1964 999 2004 (VdE)
1024 1968 1083 1995 aut
1107 1964 1238 1995 'meissis
1264 1963 1347 2004 (R):

172 2012 276 2042 incisa
294 2010 377 2049 vulg.
394 2022 401 2040 :
434 2019 487 2048 390
504 2008 604 2040 delevi
623 2010 674 2046 (ex
690 2007 860 2039 anchusae
877 2010 983 2038 ortum
995 2008 1034 2045 2⁷).
1081 2006 1251 2037 anchusae
1276 2030 1284 2038 .
1310 2030 1318 2038 .
1343 2030 1351 2037 .

174 2053 290 2084 similis
309 2054 378 2084 sive
398 2052 503 2089 caule,
522 2053 592 2083 sive
611 2051 702 2087 flore,
721 2051 792 2082 sive
810 2051 947 2081 semine.
995 2049 1156 2090 Illayhoff.

174 2116 245 2163 456
