1459 2288
117 299 176 329 112

115 618 173 649 113

118 1259 177 1288 114

394 191 589 228 PLINY:
635 191 898 229 NATURAL
931 190 1168 228 HISTORY

248 294 471 330 LXXXIX.
502 294 612 344 Oxys
661 293 756 331 folia
803 300 918 330 terna
964 293 1100 330 habet.
1155 292 1273 330 datur
1321 293 1370 330 ad

194 347 442 384 stomachum
476 347 724 384 dissolutum.
781 347 907 384 edunt
941 353 983 384 et
1017 349 1082 396 qui
1118 346 1370 383 enterocelen

194 401 356 437 habent.

245 454 326 490 XC.
358 453 709 504 Polyanthemum,
759 466 879 502 quam
929 453 1090 502 quidam
1140 452 1371 489 batrachion

195 507 414 556 appellant,
457 510 632 543 caustica
672 510 708 543 vi
751 506 955 543 exulcerat
995 508 1196 543 cicatrices
1238 512 1279 542 et
1321 505 1370 542 ad

194 561 365 597 colorem
386 560 554 603 reducit,
576 560 798 609 eademque
819 559 1031 609 vitiligines
1051 564 1321 608 concorporat.

244 613 347 650 XCI.
379 613 630 664 Polygonum
666 613 807 650 Graeci
844 619 986 649 vocant
1023 626 1142 662 quam
1178 625 1248 649 nos
1284 625 1371 649 san-

195 670 427 716 guinariam.
494 680 572 703 non
622 667 820 704 attollitur
866 680 889 703 a
935 672 1055 709 terra,
1098 665 1198 702 foliis
1245 671 1372 708 rutae,

195 720 330 756 similis
368 723 568 769 graminis.
623 733 736 756 sucus
776 722 858 756 eius
896 718 1047 756 infusus
1087 719 1246 755 naribus
1283 731 1372 768 sup—

195 776 329 823 primit
349 776 583 823 sanguinem
604 779 645 810 et
664 779 782 822 potus
801 786 891 809 cum
910 775 1000 809 vino
1020 772 1232 809 cuiuslibet
1250 774 1372 821 partis

195 826 429 876 profluvium
467 829 820 876 excreationesque
856 832 1040 863 cruentas
1075 825 1242 862 inhibet.
1306 828 1373 874 qui

195 880 308 930 plura
332 893 481 929 genera
506 880 693 930 polygoni
718 879 868 916 faciunt
892 879 994 916 hanc
1018 892 1169 916 marem
1192 877 1372 928 intellegi

196 934 331 970 volunt
355 933 625 982 appellarique
649 947 671 969 a
692 932 949 970 multitudine
972 935 1130 969 seminis
1153 938 1223 969 aut
1245 931 1372 968 densi-

195 993 281 1023 tate
313 986 477 1029 fruticis,
508 986 572 1023 alii
603 986 875 1036 polygonaton
907 999 930 1022 a
958 985 1185 1035 frequentia
1214 988 1373 1035 genicu—

196 1040 335 1083 lorum,
363 1040 427 1076 alii
455 1039 709 1083 tlmlattiada,
737 1039 802 1076 alii
828 1039 1116 1082 carcinothron,
1144 1038 1208 1075 alii
1234 1038 1373 1081 clema,

196 1093 310 1130 multi
332 1093 658 1143 myrtopetalum.
714 1106 786 1129 nec
808 1106 887 1129 non
908 1095 1164 1129 inveniuntur
1185 1094 1253 1141 qui
1273 1091 1374 1128 hanc

197 1146 386 1183 feminam
409 1159 494 1183 esse
516 1146 664 1189 dicant,
685 1159 838 1183 marem
859 1152 996 1183 autem
1016 1148 1207 1182 maiorem
1227 1147 1374 1181 minus-

197 1213 273 1249 que
316 1203 470 1249 nigram
512 1206 553 1236 et
593 1199 786 1249 geniculis
827 1199 1066 1242 densiorem,
1107 1201 1258 1235 semine
1298 1198 1372 1235 sub

197 1254 377 1289 omnibus
431 1252 532 1289 foliis
585 1253 915 1302 turgescentem}
971 1265 1221 1302 quocumque
1273 1251 1371 1288 haec

198 1307 316 1343 modo
333 1319 373 1343 se
391 1306 556 1349 habent,
574 1309 629 1342 vis
647 1319 784 1342 earum
801 1312 861 1343 est
879 1308 1046 1355 spissare
1064 1319 1109 1342 ac
1125 1304 1371 1355 refrigerare.

198 1363 348 1396 semine
373 1359 504 1396 alvum
529 1359 700 1403 solvunt,
724 1359 870 1409 largius
894 1365 1054 1408 sumpto
1078 1361 1232 1395 urinam
1255 1361 1374 1401 cient,

197 1413 501 1450 rheumatismos
517 1412 718 1456 cohibent,
735 1416 801 1462 qui
817 1415 849 1449 si
864 1426 943 1449 non
958 1411 1084 1455 fuere,
1099 1425 1180 1448 non
1194 1417 1371 1461 prosunt.

197 1466 390 1503 stomachi
432 1465 574 1502 fervori
617 1465 712 1502 folia
752 1469 1010 1515 inponuntur,
1052 1468 1206 1502 vesicae
1247 1464 1372 1501 dolori

199 1520 416 1556 inlinuntur
441 1526 482 1556 et
505 1520 662 1569 ignibus
686 1522 815 1555 sacris.
870 1532 984 1556 sucus
1010 1525 1051 1555 et
1075 1518 1234 1555 auribus
1257 1531 1375 1567 puru-

198 1573 314 1610 lentis
336 1573 550 1610 instillatur
572 1579 613 1609 et
636 1572 837 1609 oculorum
858 1572 994 1609 dolori,
1048 1585 1120 1621 per
1140 1585 1182 1608 se
1205 1571 1375 1608 dabatur

204 1658 269 1732 Dall
284 1662 534 1731 turgqscentem
551 1656 653 1694 codd„
674 1657 768 1697 vuly„
783 1656 966 1697 Deilefsen:
991 1659 1205 1698 turgescente
1222 1654 1378 1696 Mayhoff

273 1725 279 1731 .
297 1711 369 1732 secu
385 1711 436 1732 us.

241 1811 348 1842 <²The
362 1811 509 1852 Delphin
522 1812 632 1842 editor
645 1822 722 1852 3353
735 1824 741 1842 :
766 1810 870 1842 reddit
882 1810 1007 1850 reliquo
1019 1809 1148 1850 corpori
1156 1819 1283 1850 parem.
1323 1809 1374 1841 On

196 1866 233 1886 ea
238 1855 357 1886 ulcerat
373 1866 428 1886 see
444 1865 528 1896 page
547 1856 620 1891 453,
638 1859 731 1885 note.

243 1897 254 1916 ¹²
277 1897 434 1938 Mayhoff
448 1902 602 1938 suggests
619 1897 727 1928 that
718 1896 838 1927 imilis
855 1896 1016 1935 qramim's
1033 1895 1156 1927 should
1173 1905 1268 1926 come
1285 1894 1374 1925 after

197 1945 303 1971 terra:
339 1940 554 1971 “resembles
572 1950 665 1994 grass
685 1941 719 1971 in
738 1943 800 1970 not
818 1940 862 1970 ris
865 1940 921 1980 ing
940 1939 1029 1969 from
1047 1938 1106 1969 the
1124 1937 1291 1979 ground.’'

239 1983 344 2014 The
362 1994 462 2014 name
480 1993 597 2014 means
630 1982 779 2023 having
797 1981 899 2013 much
917 1981 1030 2013 seed.'’

242 2024 256 2044 ‘¹
281 2026 363 2062 Or‚‘
369 2026 497 2058 ‘braee.
502 2025 521 2038 ’¹
569 2025 782 2057 Dioscorides
798 2025 847 2056 IV
862 2027 901 2056 4:
928 2024 1060 2065 δύναμιν
1074 2023 1137 2056 δὲ’
1121 2036 1186 2065 εχει
1199 2023 1376 2063 στυπτικὴν

197 2069 251 2100 καὶ
267 2069 435 2109 ψυκτικήν.

198 2131 269 2178 458
