1459 2288
133 510 174 540 38

133 883 174 913 39

133 1150 175 1179 40

133 1575 171 1604 41

400 189 596 227 PLINY:
642 191 905 228 NATURAL
939 190 1176 228 HISTORY

201 307 318 330 causa
358 293 521 343 quidam
560 293 662 330 hanc
700 293 991 330 androsaemon
1030 307 1233 330 vocavere.
1287 306 1379 331 usus

201 349 360 383 seminis
404 346 455 382 ad
498 345 728 383 ischiadicos
771 349 857 396 poti
899 347 1054 384 duabus
1097 347 1292 384 drachmis
1336 349 1376 383 in

201 399 476 450 hydromelitis
500 402 686 436 sextario.
737 399 869 436 alvum
892 400 1022 444 solvit,
1045 400 1166 437 bilem
1190 399 1378 437 detrahit.

201 453 380 490 inlinitur
399 459 440 489 et
459 453 663 490 ambustis.

248 506 358 542 XXI.
387 505 553 555 Aphaca
591 509 730 543 tenuia
766 505 981 543 admodum
1016 505 1111 543 folia
1145 506 1269 544 habet
1306 506 1379 543 et1

201 559 355 608 pusilla.
387 559 503 596 altior
532 559 721 596 lenticula
750 558 819 596 et2
848 560 1008 609 siliquas
1038 563 1206 596 maiores
1233 559 1312 597 fert
1340 562 1380 596 in

202 613 344 662 quibus
378 619 494 649 terna
521 619 591 649 aut
619 619 815 662 quaterna
842 616 993 649 semina
1019 619 1113 650 sunt
1140 615 1311 663 nigriora
1338 620 1380 650 et

200 669 352 702 minora
395 665 595 702 lenticula.
661 669 835 703 nascitur
880 669 920 702 in
968 669 1081 702 arvis.
1146 672 1290 703 natura
1329 666 1380 703 ad

200 719 448 768 spissandum
499 720 690 756 efficacior
740 732 860 768 quam
909 719 1022 763 lenti,
1065 719 1237 769 reliquos
1287 733 1379 756 usus

201 772 362 809 eosdem
404 772 539 808 habet.
594 772 785 809 stomachi
830 772 986 822 alvique
1028 771 1236 810 fluctiones
1275 775 1379 810 sistit

201 839 338 862 semen
359 825 580 862 decoctum.

251 879 384 915 XXII.
414 879 612 915 Alcibium
649 879 774 928 qualis
810 885 916 916 esset
950 879 1074 915 herba
1108 892 1188 915 non
1222 882 1378 929 repperi

204 931 310 981 apud
346 938 540 975 auctores,
570 932 640 968 sed
674 932 848 968 radicem
878 935 962 969 eius
997 938 1039 969 et
1073 931 1169 968 folia
1201 935 1298 969 trita
1331 932 1380 969 ad

202 988 397 1034 serpentis
413 998 587 1021 morsum
602 988 739 1034 inponi
755 992 796 1022 et
811 986 907 1029 bibi,
922 984 1017 1022 folia
1032 991 1226 1035 quantum
1241 999 1380 1022 manus

202 1042 332 1088 capiat
353 1041 449 1075 trita
469 1052 558 1075 cum
579 1041 658 1074 vini
678 1041 776 1075 meri
797 1038 950 1089 cyathis
972 1039 1097 1075 tribus
1118 1044 1188 1076 aut
1208 1038 1381 1076 radicem

201 1092 478 1128 drachmarum
494 1095 614 1128 trium
630 1092 806 1141 pondere
823 1105 912 1129 cum
928 1095 1008 1128 vini
1024 1092 1165 1128 eadem
1181 1105 1378 1129 mensura.

249 1145 405 1181 XXIII.
434 1145 641 1182 Alectoros
680 1145 832 1194 lophos,
867 1158 969 1194 quae
1008 1144 1115 1195 apud
1154 1159 1223 1182 nos
1262 1148 1380 1182 crista

201 1198 358 1241 dicitur,
390 1197 485 1235 folia
515 1198 639 1235 habet
670 1198 812 1235 similia
841 1198 1051 1248 gallinacei
1081 1201 1223 1236 cristae
1254 1198 1381 1248 plura,

201 1251 355 1288 caulem
393 1258 572 1295 tenuem,
610 1265 747 1288 semen
786 1254 942 1301 nigrum
979 1255 1018 1288 in
1056 1252 1218 1301 siliquis.
1272 1252 1380 1288 utilis

200 1305 460 1342 tussientibus
490 1311 603 1341 cocta
632 1318 721 1341 cum
752 1303 845 1341 faba
874 1304 991 1348 fresa,
1020 1305 1140 1342 melle
1170 1304 1309 1342 addito
1339 1311 1381 1342 et

200 1358 357 1408 caligini
389 1357 602 1395 oculorum.
657 1358 827 1394 solidum
859 1371 996 1395 semen
1027 1361 1190 1395 coicitur
1219 1360 1260 1394 in
1291 1371 1381 1395 ocu-

200 1411 296 1455 lum,
315 1425 388 1448 nec
407 1412 557 1455 turbat,
577 1411 647 1448 sed
665 1414 706 1448 in
725 1424 766 1448 se
786 1411 996 1461 caliginem
1015 1411 1229 1455 contrahit,
1247 1417 1379 1448 mutat

201 1465 371 1501 colorem
395 1471 437 1501 et
459 1478 508 1501 ex
531 1467 643 1514 nigro
666 1465 835 1501 albicare
857 1467 996 1514 incipit
1019 1471 1061 1502 et
1082 1467 1313 1502 intumescit
1335 1478 1380 1501 ac

203 1532 273 1567 per
291 1531 331 1554 se
352 1521 447 1555 exit.

249 1571 394 1607 XXIV.
425 1571 544 1607 Alum
588 1584 657 1608 nos
701 1584 899 1615 vocamus,
943 1571 1085 1608 Graeci
1137 1570 1379 1621 symphyton

202 1631 410 1673 petraeum
434 1624 559 1661 simile
583 1624 737 1661 cunilae
761 1624 948 1668 bubulae,
971 1623 1074 1661 foliis
1098 1627 1240 1674 parvis,
1263 1627 1380 1661 ramis

386 1702 396 1720 ¹
420 1706 455 1733 et
466 1705 543 1741 post
558 1701 662 1733 habet
677 1702 761 1733 coni.
778 1701 942 1742 Mayhoff.

382 1746 393 1763 ²
416 1749 451 1776 et
466 1745 553 1776 VRd
570 1744 726 1785 Mayhoff
737 1757 744 1776 :
773 1749 826 1776 est
841 1745 888 1775 Er
905 1744 1000 1784 vulq„
1017 1744 1192 1784 Detlefsen.

244 1859 258 1873 ‘¹
281 1854 341 1886 Le.
360 1853 380 1865 “
395 1853 504 1885 man's
521 1853 657 1885 blood.''

245 1895 256 1914 ‘²
279 1898 308 1928 A
327 1897 470 1928 difficult
492 1900 668 1933 sentence;
700 1896 845 1937 perhaps
864 1896 1048 1937 Mayhoff’s
1065 1896 1291 1937 punctuation
1310 1896 1379 1927 and

201 1941 393 1979 conjecture
418 1939 472 1979 (he
496 1940 581 1970 adds
604 1943 635 1970 et
657 1939 771 1970 before
791 1939 932 1980 pusilla)
957 1950 1013 1970 are
1036 1939 1095 1970 the
1119 1939 1194 1970 best
1217 1938 1376 1970 solution.

201 1983 331 2013 Pusilla
348 1982 458 2023 might
475 1983 515 2013 be
532 1983 636 2013 taken
653 1982 735 2013 with
751 1982 810 2013 the
826 1986 909 2013 next
925 1986 1095 2018 sentence,
1112 1985 1149 2013 to
1165 1981 1302 2022 explain
1319 1981 1378 2012 the

204 2026 329 2066 abrupt
351 2025 583 2056 introduction
607 2025 645 2056 of
663 2025 722 2056 the
744 2024 861 2056 lentil:
901 2024 920 2036 ‘⁵
935 2024 1078 2066 Though
1100 2024 1197 2055 small
1219 2025 1247 2055 it
1269 2024 1297 2055 is
1318 2028 1378 2064 yet

202 2068 298 2099 taller
320 2068 405 2099 than
429 2067 487 2099 the
506 2067 636 2105 lentil,”
656 2068 719 2099 but
738 2067 951 2099 Dioscorides
971 2067 1032 2108 (II,
1054 2068 1128 2108 148)
1146 2067 1208 2098 has
1225 2066 1352 2107 merely
1368 2079 1375 2098 :

200 2141 269 2174 412
