1459 2288
77 291 136 320 124

82 1197 140 1226 126

358 182 553 221 PLINY:
599 181 863 219 NATURAL
896 180 1134 219 HISTORY

208 286 393 323 XCVIII.
424 284 669 334 Phalangitis
723 298 747 321 a
800 284 1037 334 quibusdam
1090 284 1330 335 phalangion

161 346 335 382 vocatur,
356 339 406 375 ab
427 338 512 375 aliis
533 337 857 375 leucanthemum
878 337 954 380 vel,
974 344 1020 374 ut
1039 340 1080 373 in
1101 338 1337 387 quibusdam

159 392 452 442 exemplaribus
481 394 653 435 invenio,
682 390 954 428 leucacantha.
1008 391 1149 427 ramuli
1178 398 1271 428 sunt
1300 394 1336 428 ei

159 459 376 495 numquam
394 447 598 494 pauciores
616 444 770 481 duobus
788 447 828 480 in
846 444 1002 481 diversa
1018 444 1247 488 tendentes,
1265 444 1335 481 flos

158 499 363 542 candidus,
390 498 470 535 lilio
497 499 615 534 rubro
642 498 791 540 similis,
819 510 956 534 semen
983 500 1153 547 nigrum,
1180 497 1336 541 latum,1

159 552 208 589 ad
224 551 436 589 lenticulae
452 551 640 588 dimidiae
657 551 838 601 figuram,
854 550 981 587 multo
997 550 1187 594 tenuius‚²
1202 551 1335 588 radice

159 608 285 648 tenui,
324 605 507 642 herbacei
547 604 698 641 coloris.
752 603 868 640 huius
908 603 1002 640 folio
1042 603 1103 640 vel
1142 603 1236 641 flore
1276 604 1337 640 vel

159 662 309 695 semine
331 658 573 695 auxiliantur
592 664 730 694 contra
750 660 999 706 scorpionum
1019 657 1338 707 phalangiorum-

160 725 237 762 que
257 718 299 749 et
317 714 564 761 serpentium
582 714 697 754 ictus,
715 713 813 748 item
833 716 970 747 contra
988 713 1170 747 tormina.

209 765 352 802 XCIX.
383 764 610 815 Phyteuma
622 764 738 814 quale
751 767 802 801 sit
814 764 1037 800 describere
1050 777 1337 813 supervacuum

159 818 302 861 habeo,
321 832 411 855 cum
428 821 479 855 sit
497 831 589 855 usus
608 821 691 854 eius
709 823 868 854 tantum
887 817 937 854 ad
955 820 1159 854 amatoria.

209 872 251 908 C.
282 871 451 922 Phyllon
489 885 513 908 a
551 871 711 907 Graecis
750 877 912 907 vocatur
949 870 1073 907 herba
1110 873 1148 907 in
1187 873 1334 907 saxosis

159 926 372 962 montibus.
428 924 576 961 femina
621 926 746 974 magis
792 923 977 960 herbacei
1023 923 1176 967 coloris,
1221 923 1334 960 caule

158 981 283 1022 tenui,
330 978 460 1015 radice
507 991 639 1028 parva.
699 991 835 1014 semen
882 980 1087 1026 papaveris
1103 977 1118 999 3
1164 977 1335 1013 rotundo

158 1032 295 1069 simile.
351 1031 449 1068 haec
482 1034 540 1068 sui
574 1045 690 1067 sexus
724 1030 818 1067 facit
852 1036 1003 1080 partus,
1035 1043 1164 1066 mares
1197 1036 1335 1067 autem

158 1085 275 1128 mas‚4
304 1088 454 1122 semine
484 1091 644 1121 tantum
673 1083 857 1120 differens
888 1083 994 1133 quod
1024 1090 1084 1121 est
1114 1086 1337 1133 incipientis

159 1139 297 1176 olivae.
353 1145 567 1187 utrumque
586 1139 735 1175 bibitur
751 1140 792 1174 in
811 1140 912 1174 vino.

211 1192 276 1228 CI.
306 1191 573 1228 Phelandrion
598 1194 772 1228 nascitur
796 1193 836 1227 in
862 1190 1101 1240 palustribus
1127 1189 1221 1226 folio
1246 1192 1335 1240 apii.

160 1246 308 1282 bibitur
339 1258 477 1282 semen
510 1248 593 1282 eius
625 1250 789 1294 propter
819 1243 989 1280 calculos
1022 1249 1063 1280 et
1096 1246 1248 1280 vesicae
1278 1246 1335 1280 in·

159 1298 377 1335 commoda.

206 1352 293 1388 CII.
323 1351 498 1388 Phaleris
521 1351 703 1401 thyrsum
725 1350 849 1387 habet
872 1349 1048 1400 longum,
1071 1356 1236 1387 tenuem
1259 1363 1333 1386 ceu

159 1405 369 1448 calamum,
391 1408 431 1441 in
452 1418 606 1441 summo
628 1404 765 1441 florem
785 1403 1033 1447 inclinatum,
1054 1417 1191 1440 semen
1212 1403 1337 1440 simile

160 1472 350 1495 sesamae.
406 1464 448 1495 et
470 1458 543 1495 hoc
566 1457 734 1494 calculos
757 1456 905 1507 frangit
928 1463 1068 1506 potum
1091 1470 1141 1493 ex
1163 1459 1253 1493 vino
1275 1456 1337 1493 vel

159 1518 272 1549 aceto
298 1511 361 1548 vel
387 1525 477 1548 cum
503 1511 622 1548 melle
649 1517 691 1548 et
716 1511 834 1554 lacte,
860 1510 967 1547 idem
994 1516 1036 1547 et
1062 1513 1158 1547 vitia
1183 1513 1335 1546 vesicae

159 1572 284 1602 sanat.

212 1658 220 1676 ¹
246 1669 360 1690 semen
375 1659 509 1699 nigrum
525 1658 646 1694 latum,
662 1657 836 1697 illayhoff:
867 1657 994 1688 semine
1010 1657 1105 1697 nigro
1122 1656 1202 1693 lato,
1219 1656 1307 1687 codd.

208 1701 220 1719 ²
244 1702 380 1732 tenuius
397 1701 572 1741 Jlaylzoff:
604 1701 716 1732 tenuis
733 1700 821 1731 codd.

207 1745 220 1764 ³
242 1745 421 1785 papaveris
439 1755 493 1784 eqo
508 1756 514 1775 :
546 1744 709 1784 papaveri
726 1743 814 1774 codd.

207 1788 220 1807 4
243 1798 316 1818 mas
333 1787 482 1818 Brotier:
506 1797 527 1817 a
543 1786 632 1818 codd.

201 1929 215 1944 ⁰
238 1926 452 1958 Dioscorides
485 1925 541 1955 III
576 1926 660 1957 108:
704 1925 829 1965 σπέρμα
864 1924 899 1956 δὲ
934 1923 1048 1960 πλατύ,
1079 1923 1191 1963 μέλαν,
1223 1921 1333 1963 ὥσπερ

155 1970 259 2009 φακοῦ
274 1970 383 2010 ἥμισυ,
402 1968 585 2009 ἰσχνότερον
601 1967 712 2008 μέντοι
731 1967 851 2008 πολλῷ.
898 1967 969 1998 The
986 1966 1095 1998 Greek
1118 1965 1252 1997 decides
1275 1965 1333 1996 the

156 2012 311 2053 readings
332 2012 370 2043 of
386 2011 445 2042 the
465 2011 578 2047 Latin,
599 2011 668 2043 and
688 2010 759 2042 also
779 2009 932 2051 explains
952 2009 1011 2041 the
1032 2012 1200 2050 apparent
1219 2008 1332 2040 incon-

154 2055 302 2095 sistenoy
322 2055 474 2086 between
492 2054 596 2085 latum
613 2054 682 2085 and
699 2053 843 2085 tenuius.

154 2117 225 2162 466
