1459 2288
381 139 574 176 PLINY:
621 139 884 177 NATURAL
918 139 1153 177 HISTORY

178 244 369 291 impositis
386 247 427 278 et
443 241 575 277 ulcera
590 246 822 290 purgantur.
864 243 989 284 aiunt,
1005 243 1036 277 si
1054 243 1140 290 quis
1157 247 1251 278 ante
1267 242 1357 280 solis

178 307 308 337 ortum
335 313 422 336 eam
451 302 582 348 capiat
614 299 801 348 dicatque
834 299 885 335 ad
917 299 1122 349 albugines
1154 299 1355 337 oculorum

178 373 219 395 se
241 372 396 408 capere,
419 358 634 407 adalligata
654 358 797 394 discuti
819 358 859 394 id
880 360 1035 401 vitium,
1058 371 1217 407 quoquo
1237 359 1355 396 modo

179 431 270 454 vero
325 417 530 454 collectam
586 419 856 453 iumentorum
912 429 1180 466 pecorumque
1235 417 1355 454 oculis

178 476 392 512 salutarem
416 488 512 512 esse.

88 540 147 570 134
225 534 453 571 LXXXIII.
483 533 753 584 Chamaesyce
780 533 897 570 lentis
922 532 1015 570 folia
1040 533 1164 570 habet
1191 533 1287 570 nihil
1313 547 1355 572 se

178 593 425 637 adtollentia,
452 595 491 628 in
520 592 650 636 aridis,
677 595 860 641 petrosis,
887 592 1058 629 claritati
1085 592 1286 629 oculorum
1314 599 1355 630 et

177 657 315 688 contra
335 650 583 688 subfusiones
604 651 812 687 utilissima
826 651 839 674 1
862 656 903 687 et
923 653 1138 695 cicatrices,
1154 651 1355 700 caligines,

176 710 391 747 nubeculas
411 710 605 746 inuncta.1
644 709 783 746 vulvae
804 709 958 746 dolores
978 709 1094 746 sedat
1114 709 1297 760 adposita
1315 713 1355 747 in

176 769 350 806 linteolo.
405 768 509 805 tollit
535 774 576 805 et
601 781 782 805 verrucas
808 771 986 805 omnium
1010 781 1204 819 generum
1228 768 1353 805 inlita.

176 828 339 877 prodest
361 833 402 863 et
424 827 703 876 orthopnoicis.

84 892 142 923 135
221 885 440 922 LXXXIV.
471 885 768 922 Chamaecissos
799 888 952 935 spicata
981 891 1043 922 est
1072 888 1193 922 tritici
1222 886 1354 930 modo,

176 945 334 981 ramulis
364 947 492 993 quinis
522 943 619 988 fere,
640 943 778 981 foliosa
793 944 949 980 2—-cum
977 943 1104 988 floret,
1136 947 1353 981 existimari

175 1009 309 1053 potest
349 1003 439 1039 alba
468 1003 753 1039 viola—radice
793 1005 918 1039 tenui.
973 1003 1118 1040 bibunt
1151 1003 1351 1040 ischiadici

175 1061 268 1098 folia
301 1062 427 1098 tribus
457 1061 579 1098 obolis
613 1064 652 1097 in
682 1063 759 1097 vini
793 1061 947 1112 cyathis
981 1062 1135 1098 duobus
1169 1061 1354 1111 septem3

175 1121 328 1164 diebus,
352 1120 566 1157 admodum
590 1133 724 1156 amara
746 1123 920 1170 potione.

226 1179 423 1216 LXXXV.
454 1178 772 1215 Chamaeleucen
806 1179 913 1228 apud
946 1192 1015 1216 nos
1050 1178 1240 1215 farfarum
1274 1182 1353 1216 sive

177 1237 391 1288 farfugium
420 1243 575 1274 vocant.
631 1241 806 1274 nascitur
834 1238 1052 1274 secuudum
1082 1237 1232 1282 fluvios,
1261 1237 1353 1275 folio

175 1296 323 1346 populi,
337 1296 407 1333 sed
422 1296 623 1346 ampliore.
678 1296 790 1333 radix
806 1299 889 1333 eius
902 1299 1106 1346 inponitur
1119 1297 1353 1334 carbonibus

176 1357 362 1404 cupressi,
399 1361 520 1404 atque
555 1357 586 1392 is
621 1355 734 1392 nidor
768 1368 839 1404 per
873 1354 1170 1392 infundibulum
1205 1356 1354 1393 bibitur

175 1416 424 1450 inveteratae
446 1416 557 1450 tussi.

224 1494 236 1512 ¹
261 1494 441 1524 utilissima
461 1498 496 1524 et
517 1494 699 1531 cicatrices,
722 1494 892 1535 caligines,
912 1494 1149 1534 <muriculas,>
1168 1494 1353 1525 nubeculas

178 1537 319 1567 inuncta
338 1536 420 1577 ταῖς.
443 1537 477 1567 in
502 1538 582 1567 vino
599 1540 695 1568 cocta
714 1541 788 1568 ame
806 1539 948 1568 inuncta
964 1537 1091 1568 addito:
1132 1537 1352 1568 utilissimum

180 1581 266 1618 [cum
279 1579 414 1610 lammae,
430 1579 743 1619 sigulfi—inunctus
760 1580 779 1610 I
781 1590 878 1616 anus,
894 1579 1075 1620 Detlefsen:
1102 1579 1198 1611 utilis
1214 1590 1294 1611 suco
1307 1580 1351 1611 ad

178 1623 361 1658 cicatrices,
379 1622 549 1662 caliginem,
566 1623 752 1653 nubeculas
767 1624 909 1654 inuncto
926 1623 1083 1663 lilayhoff
1091 1636 1098 1654 :
1131 1623 1351 1654 utilissimum

177 1668 211 1695 et
231 1689 237 1695 .
264 1689 271 1696 .
298 1689 305 1696 .
330 1666 471 1696 inuncto
484 1670 540 1696 aut
554 1666 695 1696 inuncta
707 1670 764 1696 aut
777 1666 950 1697 iniunctus
963 1666 1052 1697 codd.

223 1709 236 1727 2
260 1708 314 1739 Sic
331 1708 405 1739 dist.
424 1708 585 1748 Illayhoff.

221 1751 234 1769 ³
258 1754 389 1791 septem
408 1750 581 1791 Detlefsen,
601 1751 710 1783 codd:
745 1752 894 1792 septenis
914 1751 1076 1792 Illayhoff.

213 1873 227 1886 α
250 1869 319 1899 The
346 1872 422 1899 text
449 1869 488 1900 of
511 1869 580 1899 this
607 1872 765 1900 sentence
792 1871 820 1900 is
847 1873 939 1900 most
965 1870 1154 1907 uncertain,
1201 1870 1350 1911 Perhaps

168 1911 268 1952 Pliny
284 1915 388 1943 wrote
405 1912 576 1952 hurriedly
593 1923 630 1943 or
646 1912 842 1953 carelessly;
875 1913 911 1943 in
927 1913 1043 1950 aridis,
1060 1913 1207 1953 petrosis,
1224 1924 1244 1943 a
1260 1913 1350 1944 loose

168 1954 319 1985 ablative
339 1955 421 1985 with
441 1955 585 1995 nothing
604 1958 642 1985 to
662 1955 795 1996 depend
815 1966 870 1992 on,
891 1960 1045 1997 suggests
1064 1955 1143 1987 that
1162 1956 1204 1986 he
1223 1956 1280 1986 did
1300 1966 1348 1987 so.

167 1997 238 2027 The
254 2000 329 2028 text
345 1997 384 2028 of
401 1997 575 2028 Detlefsen
593 1999 620 2028 is
637 1998 833 2039 impossible
848 2002 886 2029 to
901 1998 1068 2030 translate
1084 1998 1230 2030 without
1244 1998 1350 2039 filling

171 2059 216 2103 96
