1459 2288
131 501 172 532 54

130 875 170 904 55

130 1194 171 1224 56

400 125 567 164 PLINY
588 140 596 164 ι
643 112 906 165 NATURAL
939 128 1177 166 HISToRY

201 233 407 280 angustius
440 232 568 279 priore
601 233 811 280 minusque
845 244 1037 275 amarum,
1070 231 1274 268 stomacho
1306 234 1377 268 ini-

199 286 358 327 micum,
391 283 523 320 alvum
553 283 683 320 mollit
713 284 908 333 pellitque
939 284 1125 321 animalia
1154 287 1378 322 interaneo-

199 350 298 373 rum.
354 337 504 373 bibitur
534 349 623 373 cum
655 336 742 373 oleo
774 343 816 374 et
846 337 927 374 sale
959 344 1029 374 aut
1058 340 1099 373 in
1129 336 1280 374 farinae
1310 341 1378 375 tri-

199 392 356 426 mestris
368 390 585 426 sorbitione
597 389 782 426 dilutum.
837 393 1020 439 coquitur
1032 397 1226 440 quantum
1238 404 1378 428 manus

200 445 331 492 capiat
350 445 391 479 in
411 456 539 492 aquae
560 446 733 480 sextario
754 443 805 480 ad
824 443 1019 480 dimidias.

247 496 373 532 XXX.
402 495 588 533 Balloten
607 496 683 532 alio
702 499 861 533 nomine
880 510 1040 546 porrum
1058 499 1215 547 nigrum
1235 497 1376 534 Graeci

199 555 355 592 vocant,
377 549 544 586 herbam
567 548 797 586 fruticosam
821 550 1018 599 angulosis
1043 550 1220 587 caulibus
1242 553 1377 600 nigris,

198 602 358 639 hirsutis
385 601 487 639 foliis
515 603 791 646 vestientibus,
818 603 1031 640 maioribus
1059 617 1179 652 quam
1205 606 1309 653 porri
1337 610 1378 641 et

198 656 447 706 nigrioribus,
465 656 800 706 graveolentibus.
856 659 912 693 vis
932 659 1014 693 eius
1035 657 1171 693 efficax
1191 657 1377 694 adversus

198 712 304 745 canis
332 723 484 746 morsus
513 722 563 747 ex
591 709 672 746 sale
700 708 802 746 foliis
831 713 934 746 tritis
962 712 1172 759 inpositae,
1200 713 1299 747 item
1327 710 1378 747 ad

198 762 479 812 condylomata
502 765 622 799 coctis
647 765 778 799 cinere
802 765 842 799 in
866 762 960 799 folio
984 763 1111 800 oleris.
1165 769 1312 813 purgat
1336 770 1378 801 et

198 816 357 852 sordida
375 816 509 852 ulcera
528 829 619 853 cum
637 816 769 852 melle.

247 869 396 905 XXXI.
425 869 570 919 Botrys
598 869 787 906 fruticosa
814 869 938 906 herba
967 875 1028 906 est
1055 869 1173 906 luteis
1201 869 1375 906 ramulis.

198 935 335 959 semen
372 925 474 959 circa
511 929 617 959 totos
655 925 843 965 nascitur,
882 921 977 959 folia
1014 922 1182 959 cichorio
1219 923 1373 960 similia.

196 978 398 1013 invenitur
422 978 463 1012 in
489 979 727 1012 torrentium
752 979 859 1025 ripis,
885 976 1071 1013 medetur
1097 975 1375 1026 orthopnoicis.

197 1029 271 1065 hoc
291 1029 548 1078 Cappadoces
569 1030 805 1066 ambrosiam
825 1035 981 1072 vocant,
1001 1029 1067 1066 alii
1087 1032 1341 1066 artemisiam.

247 1082 418 1119 XXXII.
448 1082 621 1119 Brabilla
643 1082 837 1132 spissandi
858 1085 936 1118 vim
958 1082 1082 1119 habet
1104 1086 1263 1120 cotonei
1284 1082 1377 1119 mali

197 1136 329 1179 modo,
348 1149 421 1172 nec
441 1136 609 1185 amplius
628 1136 678 1172 de
699 1149 746 1172 ea
764 1136 930 1173 tradunt
949 1142 1142 1173 auctores.

246 1189 440 1225 XXXIII.
470 1189 602 1239 Bryon
631 1192 828 1225 marinum
856 1189 980 1226 herba
1009 1192 1093 1226 sine
1122 1189 1377 1226 dubitatione

198 1248 259 1279 est
277 1242 456 1279 lactucae
475 1241 577 1279 foliis
597 1243 745 1286 similis,
763 1256 908 1292 rugosa
927 1242 1036 1279 velut
1055 1249 1273 1286 contracta,
1292 1245 1376 1279 sine

197 1296 308 1332 caule
340 1297 390 1332 ab
420 1309 500 1332 una
529 1295 661 1332 radice
693 1296 932 1332 exeuntibus
963 1294 1078 1332 foliis.
1132 1298 1307 1333 nascitur
1335 1298 1377 1332 in

197 1349 365 1399 scopulis
383 1352 557 1386 maxime
577 1352 772 1399 testisque
791 1355 898 1386 terra
916 1349 1209 1399 conprehensis.
1263 1362 1376 1399 prae-

242 1533 256 1546 α
279 1528 369 1559 That
382 1527 451 1559 this
463 1529 491 1559 is
503 1527 563 1559 the
576 1528 735 1568 meaning
748 1527 786 1558 of
794 1527 937 1558 dilutum
949 1537 1058 1558 seems
1069 1530 1106 1559 to
1119 1527 1161 1559 be
1173 1527 1275 1568 likely
1287 1527 1375 1558 from

196 1571 255 1603 the
278 1571 399 1612 phrase
422 1572 456 1602 in
481 1571 695 1602 Dioscorides
718 1570 787 1610 (ΙΙΙ
808 1571 863 1610 23)
886 1570 943 1601 σὺν
965 1569 1128 1610 ῥοφήματι
1151 1570 1256 1610 φακῆς
1280 1569 1375 1601 καθε-

196 1614 489 1688 1¹Invi?eigiaciscorides
504 1656 565 1687 has
582 1656 651 1695 (ΙΙΙ
669 1657 762 1696 103);
794 1656 930 1688 καυλοὺς
948 1654 1055 1697 ἀνίησι
1072 1654 1303 1695 τετραγώνους.

240 1704 252 1718 ⁶
274 1699 487 1731 Dioscorides
505 1699 576 1734 (loc.
592 1699 660 1738 cit.)
679 1698 817 1737 δυσώδη.

239 1741 254 1760 ‘¹
276 1743 311 1773 It
321 1743 349 1773 is
360 1743 537 1773 uncertain
547 1741 699 1773 whether
710 1741 836 1781 infolio
846 1741 944 1772 oleris
953 1751 1032 1781 goes
1042 1741 1125 1772 with
1135 1741 1234 1772 coctis
1243 1751 1281 1772 or
1291 1741 1374 1772 with

195 1786 368 1826 impositae
394 1785 642 1824 (understood).
689 1784 796 1815 There
820 1785 848 1815 is
872 1783 1016 1825 nothing
1040 1784 1075 1815 in
1100 1784 1314 1815 Dioscorides
1337 1787 1374 1815 to

196 1828 410 1869 correspond.

239 1876 250 1889 ²
273 1871 474 1903 Sometimes
490 1869 577 1911 spelt
593 1869 734 1910 brabyla.

235 1912 251 1936 f
272 1914 328 1950 Or,
347 1914 366 1925 “
382 1913 559 1954 braeing‚''
577 1923 625 1948 or,
644 1912 664 1924 “
678 1912 908 1953 thickening.”

239 1962 252 1980 ⁹
274 1956 345 1988 Not
361 1967 452 1988 mere
471 1955 632 1993 seaweed,
651 1965 688 1986 as
705 1955 959 1997 Theophrastus
978 1955 1079 1995 (H.P.
1098 1955 1147 1987 IV
1163 1956 1198 1986 vi
1215 1955 1248 1995 6>
1265 1966 1373 1986 seems

195 2003 232 2031 to
248 2003 395 2040 suggest.

195 2078 263 2109 422
