<?xml version="1.0" encoding="UTF-8"?>
<!DOCTYPE html PUBLIC "-//W3C//DTD XHTML 1.0 Transitional//EN"
    "http://www.w3.org/TR/xhtml1/DTD/xhtml1-transitional.dtd">
<html xmlns="http://www.w3.org/1999/xhtml" xml:lang="en" lang="en">
 <head>
  <title>
</title>
<meta http-equiv="Content-Type" content="text/html;charset=utf-8" />
  <meta name='ocr-system' content='tesseract 3.04.00' />
  <meta name='ocr-capabilities' content='ocr_page ocr_carea ocr_par ocr_line ocrx_word'/>
</head>
<body>
  <div class='ocr_page' id='page_1' title='image "./naturalhistory07plinuoft_0272.png"; bbox 0 0 1459 2288; ppageno 0'>
   <div class='ocr_carea' id='block_1_1' title="bbox 85 243 143 274">
    <p class='ocr_par' dir='ltr' id='par_1_1' title="bbox 85 243 143 274">
     <span class='ocr_line' id='line_1_1' title="bbox 85 243 143 274; baseline 0 -1"><span class='ocrx_word' id='word_1_1' title='bbox 85 243 143 274; x_wconf 88' lang='grc'>163</span> 
     </span>
    </p>
   </div>
   <div class='ocr_carea' id='block_1_2' title="bbox 80 617 139 647">
    <p class='ocr_par' dir='ltr' id='par_1_2' title="bbox 80 617 139 647">
     <span class='ocr_line' id='line_1_2' title="bbox 80 617 139 647; baseline 0 -1"><span class='ocrx_word' id='word_1_2' title='bbox 80 617 139 647; x_wconf 79' lang='grc'>164</span> 
     </span>
    </p>
   </div>
   <div class='ocr_carea' id='block_1_3' title="bbox 82 1150 141 1181">
    <p class='ocr_par' dir='ltr' id='par_1_3' title="bbox 82 1150 141 1181">
     <span class='ocr_line' id='line_1_3' title="bbox 82 1150 141 1181; baseline 0.017 -1"><span class='ocrx_word' id='word_1_3' title='bbox 82 1150 141 1181; x_wconf 90' lang='grc'>165</span> 
     </span>
    </p>
   </div>
   <div class='ocr_carea' id='block_1_4' title="bbox 81 1577 141 1609">
    <p class='ocr_par' dir='ltr' id='par_1_4' title="bbox 81 1577 141 1609">
     <span class='ocr_line' id='line_1_4' title="bbox 81 1577 141 1609; baseline 0.033 -2"><span class='ocrx_word' id='word_1_4' title='bbox 81 1577 141 1609; x_wconf 89' lang='grc'>166</span> 
     </span>
    </p>
   </div>
   <div class='ocr_carea' id='block_1_5' title="bbox 372 134 1147 173">
    <p class='ocr_par' dir='ltr' id='par_1_5' title="bbox 372 134 1147 173">
     <span class='ocr_line' id='line_1_5' title="bbox 372 134 1147 173; baseline 0.003 -2"><span class='ocrx_word' id='word_1_5' title='bbox 372 134 568 172; x_wconf 84' lang='lat' dir='ltr'>PLINY:</span> <span class='ocrx_word' id='word_1_6' title='bbox 614 135 877 172; x_wconf 90' lang='lat' dir='ltr'><strong>NATURAL</strong></span> <span class='ocrx_word' id='word_1_7' title='bbox 910 135 1147 173; x_wconf 87' lang='lat' dir='ltr'>HISTORY</span> 
     </span>
    </p>
   </div>
   <div class='ocr_carea' id='block_1_6' title="bbox 167 237 1348 1821">
    <p class='ocr_par' dir='ltr' id='par_1_6' title="bbox 167 237 1348 1128">
     <span class='ocr_line' id='line_1_6' title="bbox 170 237 1347 288; baseline 0.002 -14"><span class='ocrx_word' id='word_1_8' title='bbox 170 237 360 288; x_wconf 86' lang='lat' dir='ltr'>frigerare</span> <span class='ocrx_word' id='word_1_9' title='bbox 391 243 433 274; x_wconf 90' lang='lat' dir='ltr'>et</span> <span class='ocrx_word' id='word_1_10' title='bbox 463 237 724 287; x_wconf 79' lang='lat' dir='ltr'><strong>adstringere.</strong></span> <span class='ocrx_word' id='word_1_11' title='bbox 779 237 993 274; x_wconf 89' lang='lat' dir='ltr'>medentur</span> <span class='ocrx_word' id='word_1_12' title='bbox 1023 238 1222 288; x_wconf 82' lang='lat' dir='ltr'>epiphoris</span> <span class='ocrx_word' id='word_1_13' title='bbox 1252 238 1347 276; x_wconf 88' lang='lat' dir='ltr'>folia</span> 
     </span>
     <span class='ocr_line' id='line_1_7' title="bbox 170 290 1346 341; baseline 0.002 -14"><span class='ocrx_word' id='word_1_14' title='bbox 170 294 342 340; x_wconf 89' lang='lat' dir='ltr'>inposita</span> <span class='ocrx_word' id='word_1_15' title='bbox 384 290 446 327; x_wconf 81' lang='lat' dir='ltr'>vel</span> <span class='ocrx_word' id='word_1_16' title='bbox 488 303 603 327; x_wconf 88' lang='lat' dir='ltr'>sucus</span> <span class='ocrx_word' id='word_1_17' title='bbox 644 293 829 327; x_wconf 87' lang='lat' dir='ltr'>inunctis.</span> <span class='ocrx_word' id='word_1_18' title='bbox 874 297 1021 341; x_wconf 88' lang='lat' dir='ltr'>purgat</span> <span class='ocrx_word' id='word_1_19' title='bbox 1063 294 1170 328; x_wconf 90' lang='lat' dir='ltr'>enim</span> <span class='ocrx_word' id='word_1_20' title='bbox 1212 292 1346 329; x_wconf 90' lang='lat' dir='ltr'>ulcera</span> 
     </span>
     <span class='ocr_line' id='line_1_8' title="bbox 170 343 1346 395; baseline 0.001 -14"><span class='ocrx_word' id='word_1_21' title='bbox 170 344 372 381; x_wconf 89' lang='lat' dir='ltr'>oculorum</span> <span class='ocrx_word' id='word_1_22' title='bbox 394 343 612 393; x_wconf 73' lang='lat' dir='ltr'>expletque</span> <span class='ocrx_word' id='word_1_23' title='bbox 633 350 675 380; x_wconf 89' lang='lat' dir='ltr'>et</span> <span class='ocrx_word' id='word_1_24' title='bbox 691 344 742 381; x_wconf 92' lang='lat' dir='ltr'>ad</span> <span class='ocrx_word' id='word_1_25' title='bbox 757 347 982 381; x_wconf 77' lang='lat' dir='ltr'>cicatricem</span> <span class='ocrx_word' id='word_1_26' title='bbox 998 345 1195 394; x_wconf 78' lang='lat' dir='ltr'>perducit,</span> <span class='ocrx_word' id='word_1_27' title='bbox 1211 346 1346 395; x_wconf 89' lang='lat' dir='ltr'>palpe-</span> 
     </span>
     <span class='ocr_line' id='line_1_9' title="bbox 171 397 1348 447; baseline 0.003 -14"><span class='ocrx_word' id='word_1_28' title='bbox 171 399 261 434; x_wconf 82' lang='lat' dir='ltr'>bras</span> <span class='ocrx_word' id='word_1_29' title='bbox 279 398 518 447; x_wconf 85' lang='lat' dir='ltr'>deglutinat.</span> <span class='ocrx_word' id='word_1_30' title='bbox 575 397 743 434; x_wconf 90' lang='lat' dir='ltr'>eaedem</span> <span class='ocrx_word' id='word_1_31' title='bbox 759 400 900 446; x_wconf 87' lang='lat' dir='ltr'>capitis</span> <span class='ocrx_word' id='word_1_32' title='bbox 917 397 1117 435; x_wconf 90' lang='lat' dir='ltr'>doloribus</span> <span class='ocrx_word' id='word_1_33' title='bbox 1135 399 1348 436; x_wconf 89' lang='lat' dir='ltr'>medentur</span> 
     </span>
     <span class='ocr_line' id='line_1_10' title="bbox 170 450 1348 501; baseline 0.002 -15"><span class='ocrx_word' id='word_1_34' title='bbox 170 464 263 487; x_wconf 89' lang='lat' dir='ltr'>suco</span> <span class='ocrx_word' id='word_1_35' title='bbox 283 451 346 487; x_wconf 75' lang='lat' dir='ltr'>vel</span> <span class='ocrx_word' id='word_1_36' title='bbox 366 450 460 486; x_wconf 88' lang='lat' dir='ltr'>folio</span> <span class='ocrx_word' id='word_1_37' title='bbox 480 451 727 499; x_wconf 76' lang='lat' dir='ltr'>temporibus</span> <span class='ocrx_word' id='word_1_38' title='bbox 746 451 883 494; x_wconf 89' lang='lat' dir='ltr'>inlitis,</span> <span class='ocrx_word' id='word_1_39' title='bbox 904 451 1166 488; x_wconf 78' lang='lat' dir='ltr'>adversantur</span> <span class='ocrx_word' id='word_1_40' title='bbox 1185 451 1348 501; x_wconf 92' lang='lat' dir='ltr'>phalan-</span> 
     </span>
     <span class='ocr_line' id='line_1_11' title="bbox 169 504 1346 555; baseline 0.002 -15"><span class='ocrx_word' id='word_1_41' title='bbox 169 507 325 554; x_wconf 83' lang='lat' dir='ltr'>giorum</span> <span class='ocrx_word' id='word_1_42' title='bbox 342 504 500 547; x_wconf 81' lang='lat' dir='ltr'>ictibus,</span> <span class='ocrx_word' id='word_1_43' title='bbox 519 507 676 540; x_wconf 88' lang='lat' dir='ltr'>aconito</span> <span class='ocrx_word' id='word_1_44' title='bbox 693 517 786 541; x_wconf 75' lang='lat' dir='ltr'>vero</span> <span class='ocrx_word' id='word_1_45' title='bbox 804 507 930 540; x_wconf 91' lang='lat' dir='ltr'>maius</span> <span class='ocrx_word' id='word_1_46' title='bbox 949 507 1103 541; x_wconf 82' lang='lat' dir='ltr'>aizoum</span> <span class='ocrx_word' id='word_1_47' title='bbox 1121 508 1346 555; x_wconf 81' lang='lat' dir='ltr'>praecipue.</span> 
     </span>
     <span class='ocr_line' id='line_1_12' title="bbox 171 557 1345 609; baseline 0.003 -16"><span class='ocrx_word' id='word_1_48' title='bbox 171 571 193 593; x_wconf 85' lang='lat' dir='ltr'>a</span> <span class='ocrx_word' id='word_1_49' title='bbox 225 558 495 606; x_wconf 85' lang='lat' dir='ltr'>scorpionibus</span> <span class='ocrx_word' id='word_1_50' title='bbox 528 570 687 606; x_wconf 92' lang='lat' dir='ltr'>quoque</span> <span class='ocrx_word' id='word_1_51' title='bbox 718 557 939 594; x_wconf 78' lang='lat' dir='ltr'>habentem</span> <span class='ocrx_word' id='word_1_52' title='bbox 970 558 1011 594; x_wconf 92' lang='lat' dir='ltr'>id</span> <span class='ocrx_word' id='word_1_53' title='bbox 1043 557 1149 594; x_wconf 87' lang='lat' dir='ltr'>feriri</span> <span class='ocrx_word' id='word_1_54' title='bbox 1182 565 1345 609; x_wconf 89' lang='lat' dir='ltr'>negant.</span> 
     </span>
     <span class='ocr_line' id='line_1_13' title="bbox 171 611 1346 654; baseline 0.002 -7"><span class='ocrx_word' id='word_1_55' title='bbox 171 611 386 647; x_wconf 91' lang='lat' dir='ltr'>medentur</span> <span class='ocrx_word' id='word_1_56' title='bbox 423 616 465 647; x_wconf 90' lang='lat' dir='ltr'>et</span> <span class='ocrx_word' id='word_1_57' title='bbox 503 613 658 647; x_wconf 88' lang='lat' dir='ltr'>aurium</span> <span class='ocrx_word' id='word_1_58' title='bbox 695 611 834 654; x_wconf 91' lang='lat' dir='ltr'>dolori,</span> <span class='ocrx_word' id='word_1_59' title='bbox 872 614 970 647; x_wconf 91' lang='lat' dir='ltr'>item</span> <span class='ocrx_word' id='word_1_60' title='bbox 1009 624 1124 648; x_wconf 88' lang='lat' dir='ltr'>sucus</span> <span class='ocrx_word' id='word_1_61' title='bbox 1161 614 1346 649; x_wconf 89' lang='lat' dir='ltr'>inunctus</span> 
     </span>
     <span class='ocr_line' id='line_1_14' title="bbox 167 664 1346 714; baseline 0.002 -14"><span class='ocrx_word' id='word_1_62' title='bbox 167 664 398 714; x_wconf 78' lang='lat' dir='ltr'>hyoscyami</span> <span class='ocrx_word' id='word_1_63' title='bbox 443 664 635 707; x_wconf 85' lang='lat' dir='ltr'>modicus,</span> <span class='ocrx_word' id='word_1_64' title='bbox 681 667 779 701; x_wconf 90' lang='lat' dir='ltr'>item</span> <span class='ocrx_word' id='word_1_65' title='bbox 825 664 1019 701; x_wconf 88' lang='lat' dir='ltr'>achilleae</span> <span class='ocrx_word' id='word_1_66' title='bbox 1066 671 1107 701; x_wconf 89' lang='lat' dir='ltr'>et</span> <span class='ocrx_word' id='word_1_67' title='bbox 1153 669 1346 702; x_wconf 87' lang='lat' dir='ltr'>centaurii</span> 
     </span>
     <span class='ocr_line' id='line_1_15' title="bbox 170 717 1348 767; baseline 0.003 -14"><span class='ocrx_word' id='word_1_68' title='bbox 170 720 330 754; x_wconf 87' lang='lat' dir='ltr'>minoris</span> <span class='ocrx_word' id='word_1_69' title='bbox 365 723 407 754; x_wconf 91' lang='lat' dir='ltr'>et</span> <span class='ocrx_word' id='word_1_70' title='bbox 440 717 697 767; x_wconf 79' lang='lat' dir='ltr'>plantaginis,</span> <span class='ocrx_word' id='word_1_71' title='bbox 731 717 953 767; x_wconf 87' lang='lat' dir='ltr'>peucedani</span> <span class='ocrx_word' id='word_1_72' title='bbox 987 731 1077 754; x_wconf 91' lang='lat' dir='ltr'>cum</span> <span class='ocrx_word' id='word_1_73' title='bbox 1111 731 1271 755; x_wconf 88' lang='lat' dir='ltr'>rosaceo</span> <span class='ocrx_word' id='word_1_74' title='bbox 1305 725 1348 756; x_wconf 89' lang='lat' dir='ltr'>et</span> 
     </span>
     <span class='ocr_line' id='line_1_16' title="bbox 170 772 1347 822; baseline 0.001 -15"><span class='ocrx_word' id='word_1_75' title='bbox 170 773 363 814; x_wconf 87' lang='lat' dir='ltr'>meconio,</span> <span class='ocrx_word' id='word_1_76' title='bbox 383 773 487 807; x_wconf 88' lang='lat' dir='ltr'>acori</span> <span class='ocrx_word' id='word_1_77' title='bbox 506 784 621 807; x_wconf 89' lang='lat' dir='ltr'>sucus</span> <span class='ocrx_word' id='word_1_78' title='bbox 640 784 730 807; x_wconf 92' lang='lat' dir='ltr'>cum</span> <span class='ocrx_word' id='word_1_79' title='bbox 749 784 848 807; x_wconf 86' lang='lat' dir='ltr'>rosa.</span> <span class='ocrx_word' id='word_1_80' title='bbox 904 774 1030 807; x_wconf 91' lang='lat' dir='ltr'>omnis</span> <span class='ocrx_word' id='word_1_81' title='bbox 1050 777 1187 808; x_wconf 90' lang='lat' dir='ltr'>autem</span> <span class='ocrx_word' id='word_1_82' title='bbox 1206 772 1347 822; x_wconf 83' lang='lat' dir='ltr'>strigili</span> 
     </span>
     <span class='ocr_line' id='line_1_17' title="bbox 169 823 1347 874; baseline 0.001 -13"><span class='ocrx_word' id='word_1_83' title='bbox 169 823 385 861; x_wconf 86' lang='lat' dir='ltr'>calefactus</span> <span class='ocrx_word' id='word_1_84' title='bbox 400 823 638 867; x_wconf 86' lang='lat' dir='ltr'>infunditur,</span> <span class='ocrx_word' id='word_1_85' title='bbox 654 824 867 874; x_wconf 77' lang='lat' dir='ltr'>cotyledon</span> <span class='ocrx_word' id='word_1_86' title='bbox 883 827 1005 861; x_wconf 87' lang='lat' dir='ltr'>etiam</span> <span class='ocrx_word' id='word_1_87' title='bbox 1020 825 1242 874; x_wconf 88' lang='lat' dir='ltr'>purulentis</span> <span class='ocrx_word' id='word_1_88' title='bbox 1257 839 1347 862; x_wconf 91' lang='lat' dir='ltr'>cum</span> 
     </span>
     <span class='ocr_line' id='line_1_18' title="bbox 169 877 1347 921; baseline 0.001 -7"><span class='ocrx_word' id='word_1_89' title='bbox 169 877 345 914; x_wconf 84' lang='lat' dir='ltr'>medulla</span> <span class='ocrx_word' id='word_1_90' title='bbox 369 880 527 914; x_wconf 83' lang='lat' dir='ltr'>cervina</span> <span class='ocrx_word' id='word_1_91' title='bbox 552 877 760 921; x_wconf 84' lang='lat' dir='ltr'>calefacta,</span> <span class='ocrx_word' id='word_1_92' title='bbox 786 877 892 914; x_wconf 92' lang='lat' dir='ltr'>ebuli</span> <span class='ocrx_word' id='word_1_93' title='bbox 918 878 1059 914; x_wconf 86' lang='lat' dir='ltr'>radicis</span> <span class='ocrx_word' id='word_1_94' title='bbox 1084 880 1207 915; x_wconf 85' lang='lat' dir='ltr'>tritae</span> <span class='ocrx_word' id='word_1_95' title='bbox 1232 891 1347 915; x_wconf 89' lang='lat' dir='ltr'>sucus</span> 
     </span>
     <span class='ocr_line' id='line_1_19' title="bbox 168 930 1348 981; baseline 0.002 -14"><span class='ocrx_word' id='word_1_96' title='bbox 168 931 293 968; x_wconf 88' lang='lat' dir='ltr'>linteo</span> <span class='ocrx_word' id='word_1_97' title='bbox 316 930 481 974; x_wconf 88' lang='lat' dir='ltr'>colatus‚</span> <span class='ocrx_word' id='word_1_98' title='bbox 504 944 596 967; x_wconf 82' lang='lat' dir='ltr'>mox</span> <span class='ocrx_word' id='word_1_99' title='bbox 618 933 659 967; x_wconf 89' lang='lat' dir='ltr'>in</span> <span class='ocrx_word' id='word_1_100' title='bbox 682 931 764 967; x_wconf 91' lang='lat' dir='ltr'>sole</span> <span class='ocrx_word' id='word_1_101' title='bbox 788 931 978 967; x_wconf 89' lang='lat' dir='ltr'>densatus</span> <span class='ocrx_word' id='word_1_102' title='bbox 1002 937 1044 968; x_wconf 89' lang='lat' dir='ltr'>et</span> <span class='ocrx_word' id='word_1_103' title='bbox 1066 945 1156 968; x_wconf 89' lang='lat' dir='ltr'>cum</span> <span class='ocrx_word' id='word_1_104' title='bbox 1179 945 1276 981; x_wconf 92' lang='lat' dir='ltr'>opus</span> <span class='ocrx_word' id='word_1_105' title='bbox 1297 935 1348 970; x_wconf 89' lang='lat' dir='ltr'>sit</span> 
     </span>
     <span class='ocr_line' id='line_1_20' title="bbox 169 983 1345 1033; baseline 0.002 -13"><span class='ocrx_word' id='word_1_106' title='bbox 169 997 329 1021; x_wconf 91' lang='lat' dir='ltr'>rosaceo</span> <span class='ocrx_word' id='word_1_107' title='bbox 355 984 505 1021; x_wconf 91' lang='lat' dir='ltr'>dilutus</span> <span class='ocrx_word' id='word_1_108' title='bbox 532 990 574 1020; x_wconf 91' lang='lat' dir='ltr'>et</span> <span class='ocrx_word' id='word_1_109' title='bbox 599 983 827 1021; x_wconf 89' lang='lat' dir='ltr'>calefactus.</span> <span class='ocrx_word' id='word_1_110' title='bbox 883 984 1084 1033; x_wconf 81' lang='lat' dir='ltr'>parotidas</span> <span class='ocrx_word' id='word_1_111' title='bbox 1111 986 1345 1029; x_wconf 83' lang='lat' dir='ltr'>verbenaca,</span> 
     </span>
     <span class='ocr_line' id='line_1_21' title="bbox 169 1038 1346 1089; baseline 0.001 -15"><span class='ocrx_word' id='word_1_112' title='bbox 169 1041 268 1074; x_wconf 89' lang='lat' dir='ltr'>item</span> <span class='ocrx_word' id='word_1_113' title='bbox 304 1038 496 1087; x_wconf 85' lang='lat' dir='ltr'>plantago</span> <span class='ocrx_word' id='word_1_114' title='bbox 533 1043 662 1081; x_wconf 88' lang='lat' dir='ltr'>sanat,</span> <span class='ocrx_word' id='word_1_115' title='bbox 699 1040 798 1074; x_wconf 90' lang='lat' dir='ltr'>item</span> <span class='ocrx_word' id='word_1_116' title='bbox 835 1038 1006 1074; x_wconf 90' lang='lat' dir='ltr'>sideritis</span> <span class='ocrx_word' id='word_1_117' title='bbox 1044 1051 1134 1074; x_wconf 93' lang='lat' dir='ltr'>cum</span> <span class='ocrx_word' id='word_1_118' title='bbox 1171 1041 1346 1089; x_wconf 85' lang='lat' dir='ltr'>axungia</span> 
     </span>
     <span class='ocr_line' id='line_1_22' title="bbox 170 1097 319 1128; baseline -0.007 0"><span class='ocrx_word' id='word_1_119' title='bbox 170 1097 319 1128; x_wconf 78' lang='lat' dir='ltr'>vetere.</span> 
     </span>
    </p>

    <p class='ocr_par' dir='ltr' id='par_1_7' title="bbox 169 1144 1346 1248">
     <span class='ocr_line' id='line_1_23' title="bbox 219 1144 1346 1182; baseline 0.002 -2"><span class='ocrx_word' id='word_1_120' title='bbox 219 1144 320 1181; x_wconf 87' lang='lat' dir='ltr'><strong>CIV.</strong></span> <span class='ocrx_word' id='word_1_121' title='bbox 351 1144 516 1181; x_wconf 81' lang='lat' dir='ltr'>Narium</span> <span class='ocrx_word' id='word_1_122' title='bbox 543 1157 734 1181; x_wconf 90' lang='lat' dir='ltr'>ozaenam</span> <span class='ocrx_word' id='word_1_123' title='bbox 761 1144 952 1181; x_wconf 90' lang='lat' dir='ltr'>emendat</span> <span class='ocrx_word' id='word_1_124' title='bbox 978 1144 1230 1182; x_wconf 88' lang='lat' dir='ltr'>aristolochia</span> <span class='ocrx_word' id='word_1_125' title='bbox 1255 1159 1346 1182; x_wconf 91' lang='lat' dir='ltr'>cum</span> 
     </span>
     <span class='ocr_line' id='line_1_24' title="bbox 169 1211 326 1248; baseline 0 -14"><span class='ocrx_word' id='word_1_126' title='bbox 169 1211 326 1248; x_wconf 81' lang='lat' dir='ltr'>cypero.</span> 
     </span>
    </p>

    <p class='ocr_par' dir='ltr' id='par_1_8' title="bbox 167 1251 1347 1675">
     <span class='ocr_line' id='line_1_25' title="bbox 219 1251 1347 1301; baseline 0.002 -14"><span class='ocrx_word' id='word_1_127' title='bbox 219 1251 297 1288; x_wconf 86' lang='lat' dir='ltr'>CV.</span> <span class='ocrx_word' id='word_1_128' title='bbox 328 1251 529 1288; x_wconf 93' lang='lat' dir='ltr'>Dentibus</span> <span class='ocrx_word' id='word_1_129' title='bbox 544 1251 722 1288; x_wconf 90' lang='lat' dir='ltr'>remedio</span> <span class='ocrx_word' id='word_1_130' title='bbox 738 1257 831 1288; x_wconf 90' lang='lat' dir='ltr'>sunt</span> <span class='ocrx_word' id='word_1_131' title='bbox 845 1254 1004 1301; x_wconf 88' lang='lat' dir='ltr'>panacis</span> <span class='ocrx_word' id='word_1_132' title='bbox 1019 1251 1131 1288; x_wconf 85' lang='lat' dir='ltr'>radix</span> <span class='ocrx_word' id='word_1_133' title='bbox 1148 1265 1347 1289; x_wconf 87' lang='lat' dir='ltr'>comman-</span> 
     </span>
     <span class='ocr_line' id='line_1_26' title="bbox 168 1304 1345 1354; baseline 0 -12"><span class='ocrx_word' id='word_1_134' title='bbox 168 1305 328 1348; x_wconf 79' lang='lat' dir='ltr'>ducata,</span> <span class='ocrx_word' id='word_1_135' title='bbox 344 1307 557 1354; x_wconf 90' lang='lat' dir='ltr'>praecipue</span> <span class='ocrx_word' id='word_1_136' title='bbox 574 1304 788 1348; x_wconf 87' lang='lat' dir='ltr'>chironiae,</span> <span class='ocrx_word' id='word_1_137' title='bbox 804 1307 902 1341; x_wconf 92' lang='lat' dir='ltr'>item</span> <span class='ocrx_word' id='word_1_138' title='bbox 919 1318 1034 1341; x_wconf 89' lang='lat' dir='ltr'>sucus</span> <span class='ocrx_word' id='word_1_139' title='bbox 1050 1305 1220 1349; x_wconf 86' lang='lat' dir='ltr'>collutis,</span> <span class='ocrx_word' id='word_1_140' title='bbox 1233 1306 1345 1342; x_wconf 83' lang='lat' dir='ltr'>radix</span> 
     </span>
     <span class='ocr_line' id='line_1_27' title="bbox 167 1358 1343 1409; baseline 0.001 -14"><span class='ocrx_word' id='word_1_141' title='bbox 167 1358 398 1409; x_wconf 83' lang='lat' dir='ltr'>hyoscyami</span> <span class='ocrx_word' id='word_1_142' title='bbox 430 1371 479 1394; x_wconf 87' lang='lat' dir='ltr'>ex</span> <span class='ocrx_word' id='word_1_143' title='bbox 511 1364 625 1394; x_wconf 89' lang='lat' dir='ltr'>aceto</span> <span class='ocrx_word' id='word_1_144' title='bbox 660 1358 916 1401; x_wconf 88' lang='lat' dir='ltr'>manducata,</span> <span class='ocrx_word' id='word_1_145' title='bbox 946 1360 1046 1394; x_wconf 90' lang='lat' dir='ltr'>item</span> <span class='ocrx_word' id='word_1_146' title='bbox 1080 1358 1343 1408; x_wconf 83' lang='lat' dir='ltr'>polemoniae.</span> 
     </span>
     <span class='ocr_line' id='line_1_28' title="bbox 168 1411 1345 1462; baseline 0.001 -14"><span class='ocrx_word' id='word_1_147' title='bbox 168 1411 522 1448; x_wconf 90' lang='lat' dir='ltr'>commanducatur</span> <span class='ocrx_word' id='word_1_148' title='bbox 539 1417 580 1448; x_wconf 92' lang='lat' dir='ltr'>et</span> <span class='ocrx_word' id='word_1_149' title='bbox 595 1411 838 1462; x_wconf 83' lang='lat' dir='ltr'>plantaginis</span> <span class='ocrx_word' id='word_1_150' title='bbox 851 1411 979 1455; x_wconf 86' lang='lat' dir='ltr'>radix,</span> <span class='ocrx_word' id='word_1_151' title='bbox 993 1417 1063 1448; x_wconf 87' lang='lat' dir='ltr'>aut</span> <span class='ocrx_word' id='word_1_152' title='bbox 1078 1412 1291 1449; x_wconf 86' lang='lat' dir='ltr'>coluuntur</span> <span class='ocrx_word' id='word_1_153' title='bbox 1305 1415 1345 1449; x_wconf 91' lang='lat' dir='ltr'>in</span> 
     </span>
     <span class='ocr_line' id='line_1_29' title="bbox 168 1464 1344 1508; baseline 0 -6"><span class='ocrx_word' id='word_1_154' title='bbox 168 1471 282 1502; x_wconf 90' lang='lat' dir='ltr'>aceto</span> <span class='ocrx_word' id='word_1_155' title='bbox 316 1465 506 1502; x_wconf 90' lang='lat' dir='ltr'>decoctae</span> <span class='ocrx_word' id='word_1_156' title='bbox 541 1477 655 1508; x_wconf 81' lang='lat' dir='ltr'>suco3</span> <span class='ocrx_word' id='word_1_157' title='bbox 695 1471 737 1502; x_wconf 90' lang='lat' dir='ltr'>et</span> <span class='ocrx_word' id='word_1_158' title='bbox 770 1464 865 1501; x_wconf 86' lang='lat' dir='ltr'>folia</span> <span class='ocrx_word' id='word_1_159' title='bbox 899 1465 1013 1501; x_wconf 90' lang='lat' dir='ltr'>essel</span> <span class='ocrx_word' id='word_1_160' title='bbox 1054 1465 1184 1508; x_wconf 81' lang='lat' dir='ltr'>utile,2</span> <span class='ocrx_word' id='word_1_161' title='bbox 1217 1466 1281 1502; x_wconf 82' lang='lat' dir='ltr'>vel</span> <span class='ocrx_word' id='word_1_162' title='bbox 1314 1469 1344 1502; x_wconf 91' lang='lat' dir='ltr'>si</span> 
     </span>
     <span class='ocr_line' id='line_1_30' title="bbox 168 1518 1343 1569; baseline 0.001 -14"><span class='ocrx_word' id='word_1_163' title='bbox 168 1521 360 1569; x_wconf 87' lang='lat' dir='ltr'>sanguine</span> <span class='ocrx_word' id='word_1_164' title='bbox 382 1521 568 1568; x_wconf 78' lang='lat' dir='ltr'>gingivae</span> <span class='ocrx_word' id='word_1_165' title='bbox 589 1524 835 1567; x_wconf 88' lang='lat' dir='ltr'>putrescant.</span> <span class='ocrx_word' id='word_1_166' title='bbox 891 1518 953 1554; x_wconf 90' lang='lat' dir='ltr'>vel</span> <span class='ocrx_word' id='word_1_167' title='bbox 969 1519 984 1542; x_wconf 84' lang='grc'><strong>3</strong></span> <span class='ocrx_word' id='word_1_168' title='bbox 1005 1531 1143 1555; x_wconf 88' lang='lat' dir='ltr'>semen</span> <span class='ocrx_word' id='word_1_169' title='bbox 1165 1519 1343 1556; x_wconf 90' lang='lat' dir='ltr'>eiusdem</span> 
     </span>
     <span class='ocr_line' id='line_1_31' title="bbox 168 1572 1346 1622; baseline 0.002 -14"><span class='ocrx_word' id='word_1_170' title='bbox 168 1578 420 1622; x_wconf 85' lang='lat' dir='ltr'>apostemata</span> <span class='ocrx_word' id='word_1_171' title='bbox 459 1578 501 1608; x_wconf 92' lang='lat' dir='ltr'>et</span> <span class='ocrx_word' id='word_1_172' title='bbox 539 1572 792 1608; x_wconf 87' lang='lat' dir='ltr'>collectiones</span> <span class='ocrx_word' id='word_1_173' title='bbox 831 1575 1082 1622; x_wconf 89' lang='lat' dir='ltr'>gingivarum</span> <span class='ocrx_word' id='word_1_174' title='bbox 1120 1578 1247 1609; x_wconf 87' lang='lat' dir='ltr'>sanat.</span> <span class='ocrx_word' id='word_1_175' title='bbox 1303 1578 1346 1610; x_wconf 82' lang='lat' dir='ltr'>et</span> 
     </span>
     <span class='ocr_line' id='line_1_32' title="bbox 169 1625 1345 1675; baseline 0.001 -14"><span class='ocrx_word' id='word_1_176' title='bbox 169 1625 419 1662; x_wconf 87' lang='lat' dir='ltr'>aristolochia</span> <span class='ocrx_word' id='word_1_177' title='bbox 438 1628 618 1675; x_wconf 84' lang='lat' dir='ltr'>gingivas</span> <span class='ocrx_word' id='word_1_178' title='bbox 639 1625 862 1675; x_wconf 90' lang='lat' dir='ltr'>dentesque</span> <span class='ocrx_word' id='word_1_179' title='bbox 882 1625 1103 1669; x_wconf 84' lang='lat' dir='ltr'>confirmat,</span> <span class='ocrx_word' id='word_1_180' title='bbox 1122 1626 1345 1662; x_wconf 86' lang='lat' dir='ltr'>verbenaca</span> 
     </span>
    </p>

    <p class='ocr_par' dir='ltr' id='par_1_9' title="bbox 220 1694 1249 1735">
     <span class='ocr_line' id='line_1_33' title="bbox 220 1694 1249 1735; baseline 0.001 -11"><span class='ocrx_word' id='word_1_181' title='bbox 220 1695 231 1713; x_wconf 79' lang='lat'>1</span> <span class='ocrx_word' id='word_1_182' title='bbox 256 1704 327 1725; x_wconf 89' lang='lat' dir='ltr'>esse</span> <span class='ocrx_word' id='word_1_183' title='bbox 339 1694 445 1732; x_wconf 75' lang='lat' dir='ltr'>VRE,</span> <span class='ocrx_word' id='word_1_184' title='bbox 462 1694 642 1734; x_wconf 74' lang='lat' dir='ltr'>Detlefsen,</span> <span class='ocrx_word' id='word_1_185' title='bbox 659 1694 700 1724; x_wconf 84' lang='lat' dir='ltr'><em>M</em></span> <span class='ocrx_word' id='word_1_186' title='bbox 702 1694 817 1735; x_wconf 32' lang='lat' dir='ltr'>ayhvoff</span> <span class='ocrx_word' id='word_1_187' title='bbox 830 1707 836 1725; x_wconf 94' lang='lat'>:</span> <span class='ocrx_word' id='word_1_188' title='bbox 862 1694 961 1725; x_wconf 87' lang='lat' dir='ltr'>edere</span> <span class='ocrx_word' id='word_1_189' title='bbox 976 1694 1045 1725; x_wconf 90' lang='lat' dir='ltr'>dT:</span> <span class='ocrx_word' id='word_1_190' title='bbox 1068 1697 1149 1725; x_wconf 77' lang='lat' dir='ltr'>sunt</span> <span class='ocrx_word' id='word_1_191' title='bbox 1164 1694 1249 1734; x_wconf 75' lang='lat' dir='ltr'>vuly.</span> 
     </span>
    </p>

    <p class='ocr_par' dir='ltr' id='par_1_10' title="bbox 219 1737 1342 1778">
     <span class='ocr_line' id='line_1_34' title="bbox 219 1737 1342 1778; baseline 0.002 -11"><span class='ocrx_word' id='word_1_192' title='bbox 219 1737 231 1756; x_wconf 89' lang='lat'><strong>²</strong></span> <span class='ocrx_word' id='word_1_193' title='bbox 253 1738 336 1768; x_wconf 83' lang='lat' dir='ltr'>utile</span> <span class='ocrx_word' id='word_1_194' title='bbox 347 1737 527 1777; x_wconf 74' lang='lat' dir='ltr'>Detlefsen,</span> <span class='ocrx_word' id='word_1_195' title='bbox 539 1737 704 1777; x_wconf 58' lang='lat' dir='ltr'>Mmstzoff,</span> <span class='ocrx_word' id='word_1_196' title='bbox 716 1737 934 1768; x_wconf 75' lang='lat' dir='ltr'>multicodd.:</span> <span class='ocrx_word' id='word_1_197' title='bbox 952 1737 1130 1768; x_wconf 85' lang='lat' dir='ltr'>inutileE:</span> <span class='ocrx_word' id='word_1_198' title='bbox 1148 1737 1246 1768; x_wconf 75' lang='lat' dir='ltr'>utilia</span> <span class='ocrx_word' id='word_1_199' title='bbox 1257 1737 1342 1778; x_wconf 63' lang='grc' dir='ltr'><strong><em>ναῖς.</em></strong></span> 
     </span>
    </p>

    <p class='ocr_par' dir='ltr' id='par_1_11' title="bbox 221 1780 869 1821">
     <span class='ocr_line' id='line_1_35' title="bbox 221 1780 869 1821; baseline 0 -10"><span class='ocrx_word' id='word_1_200' title='bbox 221 1781 233 1800; x_wconf 78' lang='lat'>³</span> <span class='ocrx_word' id='word_1_201' title='bbox 256 1781 311 1812; x_wconf 87' lang='lat' dir='ltr'>vel</span> <span class='ocrx_word' id='word_1_202' title='bbox 325 1784 399 1811; x_wconf 72' lang='lat' dir='ltr'>ante</span> <span class='ocrx_word' id='word_1_203' title='bbox 415 1791 528 1812; x_wconf 87' lang='lat' dir='ltr'>semen</span> <span class='ocrx_word' id='word_1_204' title='bbox 544 1780 581 1810; x_wconf 80' lang='lat' dir='ltr'>in</span> <span class='ocrx_word' id='word_1_205' title='bbox 596 1781 691 1811; x_wconf 78' lang='lat' dir='ltr'>uncis</span> <span class='ocrx_word' id='word_1_206' title='bbox 707 1780 869 1821; x_wconf 77' lang='lat' dir='ltr'>Mayhoff.</span> 
     </span>
    </p>
   </div>
   <div class='ocr_carea' id='block_1_7' title="bbox 164 1875 1343 2044">
    <p class='ocr_par' dir='ltr' id='par_1_12' title="bbox 164 1875 1343 2034">
     <span class='ocr_line' id='line_1_36' title="bbox 208 1875 1343 1916; baseline -0.001 -10"><span class='ocrx_word' id='word_1_207' title='bbox 208 1879 221 1893; x_wconf 79' lang='lat'>‘¹</span> <span class='ocrx_word' id='word_1_208' title='bbox 245 1875 351 1906; x_wconf 85' lang='lat' dir='ltr'>There</span> <span class='ocrx_word' id='word_1_209' title='bbox 369 1885 475 1906; x_wconf 86' lang='lat' dir='ltr'>seems</span> <span class='ocrx_word' id='word_1_210' title='bbox 493 1879 530 1905; x_wconf 75' lang='lat' dir='ltr'>to</span> <span class='ocrx_word' id='word_1_211' title='bbox 548 1875 589 1906; x_wconf 88' lang='lat' dir='ltr'>be</span> <span class='ocrx_word' id='word_1_212' title='bbox 607 1875 775 1916; x_wconf 84' lang='lat' dir='ltr'>generally</span> <span class='ocrx_word' id='word_1_213' title='bbox 794 1885 814 1905; x_wconf 86' lang='lat' dir='ltr'>a</span> <span class='ocrx_word' id='word_1_214' title='bbox 832 1875 1009 1906; x_wconf 80' lang='lat' dir='ltr'>difference</span> <span class='ocrx_word' id='word_1_215' title='bbox 1027 1875 1178 1906; x_wconf 80' lang='lat' dir='ltr'>between</span> <span class='ocrx_word' id='word_1_216' title='bbox 1197 1875 1343 1915; x_wconf 53' lang='lat' dir='ltr'>inungue</span> 
     </span>
     <span class='ocr_line' id='line_1_37' title="bbox 165 1917 1341 1954; baseline 0.001 -6"><span class='ocrx_word' id='word_1_217' title='bbox 165 1918 232 1949; x_wconf 84' lang='lat' dir='ltr'>and</span> <span class='ocrx_word' id='word_1_218' title='bbox 245 1918 348 1948; x_wconf 78' lang='lat' dir='ltr'>inlino</span> <span class='ocrx_word' id='word_1_219' title='bbox 363 1931 370 1949; x_wconf 70' lang='grc' dir='ltr'>ε</span> <span class='ocrx_word' id='word_1_220' title='bbox 398 1918 456 1949; x_wconf 88' lang='lat' dir='ltr'>the</span> <span class='ocrx_word' id='word_1_221' title='bbox 467 1918 590 1948; x_wconf 83' lang='lat' dir='ltr'>former</span> <span class='ocrx_word' id='word_1_222' title='bbox 602 1919 628 1948; x_wconf 85' lang='lat' dir='ltr'>is</span> <span class='ocrx_word' id='word_1_223' title='bbox 640 1922 676 1948; x_wconf 82' lang='lat' dir='ltr'>to</span> <span class='ocrx_word' id='word_1_224' title='bbox 690 1918 807 1948; x_wconf 81' lang='lat' dir='ltr'>anoint</span> <span class='ocrx_word' id='word_1_225' title='bbox 821 1928 858 1948; x_wconf 87' lang='lat' dir='ltr'>or</span> <span class='ocrx_word' id='word_1_226' title='bbox 871 1917 944 1954; x_wconf 90' lang='lat' dir='ltr'>rub,</span> <span class='ocrx_word' id='word_1_227' title='bbox 958 1929 995 1949; x_wconf 85' lang='lat' dir='ltr'>as</span> <span class='ocrx_word' id='word_1_228' title='bbox 1006 1918 1088 1948; x_wconf 71' lang='lat' dir='ltr'>with</span> <span class='ocrx_word' id='word_1_229' title='bbox 1101 1918 1154 1954; x_wconf 86' lang='lat' dir='ltr'>oil,</span> <span class='ocrx_word' id='word_1_230' title='bbox 1167 1918 1226 1949; x_wconf 81' lang='lat' dir='ltr'>the</span> <span class='ocrx_word' id='word_1_231' title='bbox 1238 1918 1341 1949; x_wconf 73' lang='lat' dir='ltr'>latter</span> 
     </span>
     <span class='ocr_line' id='line_1_38' title="bbox 164 1960 1341 2034; baseline 0 -43"><span class='ocrx_word' id='word_1_232' title='bbox 164 1962 245 2034; x_wconf 59' lang='lat' dir='ltr'>iaslstp</span> <span class='ocrx_word' id='word_1_233' title='bbox 266 1961 378 2034; x_wconf 54' lang='lat' dir='ltr'>ap&#39;pdy’</span> <span class='ocrx_word' id='word_1_234' title='bbox 401 1960 464 1992; x_wconf 80' lang='lat' dir='ltr'>but</span> <span class='ocrx_word' id='word_1_235' title='bbox 483 1960 541 1991; x_wconf 86' lang='lat' dir='ltr'>the</span> <span class='ocrx_word' id='word_1_236' title='bbox 562 1960 761 1991; x_wconf 77' lang='lat' dir='ltr'>distinction</span> <span class='ocrx_word' id='word_1_237' title='bbox 779 1961 807 1991; x_wconf 83' lang='lat' dir='ltr'>is</span> <span class='ocrx_word' id='word_1_238' title='bbox 827 1964 889 1991; x_wconf 79' lang='lat' dir='ltr'>not</span> <span class='ocrx_word' id='word_1_239' title='bbox 909 1960 1036 2001; x_wconf 81' lang='lat' dir='ltr'>always</span> <span class='ocrx_word' id='word_1_240' title='bbox 1058 1960 1233 1992; x_wconf 82' lang='lat' dir='ltr'>observed.</span> <span class='ocrx_word' id='word_1_241' title='bbox 1280 1960 1341 1992; x_wconf 87' lang='lat' dir='ltr'>See</span> 
     </span>
    </p>

    <p class='ocr_par' dir='ltr' id='par_1_13' title="bbox 252 2014 354 2044">
     <span class='ocr_line' id='line_1_39' title="bbox 252 2014 354 2044; baseline 0 -10"><span class='ocrx_word' id='word_1_242' title='bbox 252 2014 284 2044; x_wconf 91' lang='lat' dir='ltr'>p.</span> <span class='ocrx_word' id='word_1_243' title='bbox 302 2014 321 2033; x_wconf 76' lang='lat' dir='ltr'>-J</span> <span class='ocrx_word' id='word_1_244' title='bbox 347 2027 354 2034; x_wconf 92' lang='lat'><strong>.</strong></span> 
     </span>
    </p>
   </div>
   <div class='ocr_carea' id='block_1_8' title="bbox 167 2076 236 2112">
    <p class='ocr_par' dir='ltr' id='par_1_14' title="bbox 167 2076 236 2112">
     <span class='ocr_line' id='line_1_40' title="bbox 167 2076 236 2112; baseline 0.014 -12"><span class='ocrx_word' id='word_1_245' title='bbox 167 2076 236 2112; x_wconf 87' lang='lat'>252</span> 
     </span>
    </p>
   </div>
  </div>
 </body>
</html>
