1459 2288
116 260 154 290 19

114 580 155 610 20

385 153 578 191 PLINY:
624 154 887 191 NATURAL
920 154 1156 192 HISTORY

182 255 259 292 alia
294 256 433 306 figura,
470 256 576 292 aliud
610 256 843 292 miraculum
879 260 1059 293 exerenti
1094 269 1135 293 se
1170 263 1276 293 terra
1311 257 1360 294 ad

181 312 328 358 primas
367 312 613 358 serpentium
650 312 902 346 vernationes
939 310 1114 359 bipedali
1152 309 1235 346 fere
1274 310 1361 346 alti-

181 363 338 405 tudine,
357 376 569 411 rursusque
589 376 678 399 cum
698 363 824 399 isdem
843 365 882 399 in
901 368 1049 399 terram
1068 364 1269 407 condenti,
1288 377 1361 400 nec

181 419 343 452 omnino
375 416 574 452 occultato
608 429 654 452 eo
687 422 854 465 apparet
886 429 1061 466 serpens,
1093 417 1155 453 vel
1186 416 1259 453 hoc
1291 429 1361 466 per

181 481 223 505 se
255 472 350 505 satis
383 469 552 505 officioso
584 475 752 506 naturae
784 482 963 513 munere,
995 473 1026 506 si
1057 475 1217 506 tantum
1249 483 1360 519 prae-

181 528 364 559 moneret
385 528 626 572 tempusque
649 522 868 559 formidinis
890 523 1195 559 demonstraret.

233 575 316 612 Nec
343 577 563 612 bestiarum
592 576 718 613 solum
748 576 798 612 ad
826 576 1049 612 nocendum
1077 577 1226 613 scelera
1254 582 1360 620 sunt,

180 629 251 665 sed
297 632 459 665 interim
510 643 702 678 aquarum
754 642 912 678 quoque
964 642 1008 665 ac
1060 630 1246 666 locorum.
1314 630 1359 666 In

181 682 398 718 Germania
414 688 523 719 trans
541 682 725 719 Rhenum
742 686 879 719 castris
897 696 920 718 a
937 683 1173 719 Germanico
1191 683 1360 720 Caesare

180 739 371 784 promotis
388 739 586 772 maritimo
603 742 733 773 tractu
750 735 836 772 fons
854 741 939 772 erat
956 749 1084 785 aquae
1100 736 1224 773 dulcis
1241 736 1358 780 solus,

181 802 260 837 qua
295 795 391 838 pota
426 792 531 825 intra
566 790 772 825 biennium
808 790 951 826 dentes
987 790 1220 826 deciderent
1256 803 1360 826 eom-

180 855 384 892 pagesque
400 845 439 878 in
453 843 622 892 genibus
637 843 895 879 solverentur.
951 848 1203 879 stomacacen
1217 843 1360 880 medici

181 896 376 932 vocabant
394 901 435 932 et
455 896 607 946 scelot)
610 897 708 932 rben
725 909 771 932 ea
788 896 903 932 mala.
959 902 1119 945 repeita
1134 896 1282 933 auxilio
1299 902 1360 932 est

179 948 303 985 herba
331 962 433 998 quae
461 940 685 998 appellatur
711 951 945 993 biitannica‚
972 963 1050 985 non
1077 952 1206 986 nervis
1243 950 1361 986 modo

180 1008 222 1038 et
244 1005 319 1038 oris
342 1003 455 1039 malis
478 1003 674 1045 salutaris,
698 1003 767 1039 sed
790 1008 927 1039 contra
949 1005 1114 1052 anginas
1137 1015 1295 1052 quoque
1319 1009 1360 1040 et

179 1061 317 1091 contra
332 1062 551 1105 serpentes.
607 1055 701 1093 folia
716 1056 840 1092 habet
856 1056 1029 1105 oblonga
1044 1059 1170 1105 nigra,
1186 1056 1359 1092 radicem

179 1112 344 1158 nigram.
400 1123 515 1146 sucus
541 1112 624 1146 eius
650 1112 886 1158 exprimitur
911 1115 952 1146 et
977 1122 998 1145 e
1024 1110 1167 1146 radice.
1223 1108 1359 1146 florem

179 1163 341 1199 vibones
373 1169 529 1206 vocant,
561 1165 626 1212 qui
658 1163 847 1199 collectus
878 1166 984 1212 prius
1016 1176 1135 1212 quam
1166 1166 1359 1199 tonitrum

180 1216 367 1252 audiatur
383 1221 424 1252 et
440 1216 653 1253 devoratus
669 1229 825 1252 securos
841 1218 881 1252 in
897 1222 1029 1253 totum
1045 1229 1193 1252 annum
1210 1229 1233 1252 a
1248 1222 1359 1252 metu

180 1272 350 1318 anginae
370 1275 561 1318 praestat.
618 1270 715 1306 Frisi
734 1282 832 1319 gens
852 1275 939 1305 tum
960 1269 1052 1312 fida,
1072 1272 1111 1305 in
1132 1282 1211 1318 qua
1230 1275 1359 1306 castra

180 1328 307 1366 erant,
331 1329 601 1359 monstravere
625 1323 748 1366 illam,
772 1325 970 1372 mirorque
994 1325 1162 1359 nominis
1185 1336 1359 1366 causam,

181 1378 254 1412 nisi
282 1375 385 1412 forte
414 1376 587 1413 confines
616 1389 764 1413 oceano
793 1376 1021 1413 Britanniae
1050 1376 1174 1412 veluti
1202 1378 1360 1425 propin-

180 1442 283 1477 quae
300 1429 314 1452 1
328 1429 522 1466 dicavere.
577 1443 656 1466 non
671 1432 776 1466 enim
790 1429 883 1466 inde
899 1429 1158 1479 appellatam,
1173 1432 1359 1479 quoniam

187 1483 240 1518 ibi
261 1482 431 1532 plurima
450 1489 694 1526 nasceretur,
715 1489 868 1520 certum
891 1489 952 1519 est
973 1486 1184 1519 etiamtum
1205 1483 1359 1519 Britan-

178 1538 243 1572 nia
258 1536 394 1573 libera.

232 1614 241 1631 ¹
267 1613 372 1644 veluti
405 1613 615 1653 propinquae
645 1623 720 1644 cum
747 1613 862 1643 mullis
891 1613 980 1644 codd.
1011 1617 1039 1643 et
1071 1613 1151 1652 vzz-Iy.
1185 1612 1358 1653 Mayhoff:

186 1655 280 1687 velut
295 1667 312 1687 e
328 1656 520 1697 propinquo
536 1656 710 1697 Detlefsem
728 1656 783 1696 qui
803 1655 933 1687 Urlichs
946 1656 1101 1696 sequitur.

221 1777 235 1791 ‘²
259 1774 288 1804 A
305 1773 414 1805 Greek
430 1774 533 1810 word,
550 1774 752 1814 οτομακάκη,
770 1774 927 1814 meaning
944 1784 1068 1814 scurvy
1084 1773 1122 1804 of
1134 1773 1192 1804 the
1207 1784 1316 1814 gums.

223 1816 235 1835 ὃ
260 1817 413 1847 Another
443 1816 552 1848 Greek
582 1817 686 1853 word,
717 1817 926 1857 σκελοτύρβη,
954 1817 1112 1857 meaning
1143 1817 1294 1847 disorder
1323 1826 1360 1847 or

177 1860 342 1900 paralysis
359 1860 397 1890 of
409 1859 467 1890 the
484 1860 563 1900 legs.

221 1907 232 1921 ⁶
257 1902 447 1943 Possibly,‘
453 1902 632 1943 ‘oblong.''

220 1945 234 1963 ‘²
259 1945 323 1976 Or.
380 1945 561 1985 bordering
577 1956 620 1975 on
637 1945 695 1976 the
712 1955 827 1981 ocean,
839 1945 922 1985 they
939 1945 1119 1976 dedicated
1136 1945 1193 1976 the
1209 1945 1306 1985 plant
1321 1948 1358 1975 to

178 1988 320 2024 Britain,
343 1999 379 2019 as
398 1989 426 2018 it
445 1998 532 2018 were
551 1991 588 2019 to
607 1999 627 2018 a
646 1987 847 2028 neighbour.
853 1987 872 1999 ''
920 1987 937 2018 I
955 1998 1039 2019 once
1058 1988 1142 2019 took
1162 1987 1358 2019 Britanmae

176 2034 212 2062 to
249 2030 289 2061 be
324 2030 382 2061 the
424 2030 568 2070 subject,
605 2030 732 2071 having
766 2030 800 2061 in
843 2034 1038 2071 agreement
1079 2030 1162 2061 with
1203 2031 1232 2062 it
1274 2030 1358 2062 both

183 2094 249 2131 150
