1459 2288
88 510 147 541 134

91 989 149 1020 135

91 1309 149 1340 136

369 187 564 225 PLINY:
610 187 874 225 NATURAL
908 186 1144 224 HISTORY

167 299 318 335 scente,
343 292 538 341 capitibus
563 291 733 327 caulium
758 290 983 327 orbiculatis
1007 296 1053 327 ut
1078 292 1170 339 apii,
1194 293 1346 327 semine

167 346 338 383 rotundo
354 348 545 395 nigroque
559 344 597 387 13
627 346 769 380 arescit
788 346 1004 393 incipiente
1025 349 1192 380 aestate.
1233 343 1346 380 radix

169 412 327 448 quoque
359 399 525 435 odorata
556 403 676 448 gustu
709 400 785 434 acri
818 397 989 439 mordet,
1021 409 1172 440 sucosa,
1203 396 1346 433 mollis.

168 459 304 489 cortex
330 454 413 488 eius
437 451 529 488 foris
554 454 679 500 niger,
704 454 810 487 intus
834 450 1015 500 pallidus.
1070 449 1168 486 odor
1190 463 1347 486 murrae

166 505 290 542 habet
324 505 574 554 qualitatem,
604 504 710 540 unde
744 510 787 540 et
819 516 977 540 nomen.
1031 506 1206 540 nascitur
1234 509 1276 540 et
1303 506 1344 539 in

171 561 319 595 saxosis
347 558 513 595 collibus
542 564 584 594 et
611 560 651 593 in
679 559 859 594 terrenis.
914 569 1006 592 usus
1035 559 1118 592 eius
1142 555 1348 599 calfacere,

170 618 402 648 extenuare.
457 614 611 647 urinam
643 616 685 647 et
714 623 871 646 menses
902 613 1009 646 cient
1039 608 1133 645 folia
1163 615 1205 646 et
1235 609 1347 646 radix

170 672 211 702 et
231 678 382 708 semen,
403 664 533 701 alvum
553 666 657 701 sistit
677 663 803 706 radix,
823 663 1075 699 collectiones
1097 669 1139 699 et
1157 676 1347 712 suppura-

168 721 298 755 tiones
342 731 421 754 non
465 723 621 754 veteres
664 720 763 753 item
805 716 971 753 duritias
1014 716 1178 752 discutit
1219 715 1346 752 inlita.

169 771 333 821 prodest
366 777 408 808 et
439 777 577 808 contra
609 769 822 819 phalangia
854 783 898 806 ac
930 775 1136 818 serpentes
1169 769 1348 805 admixto

169 824 311 874 cachry
336 830 406 861 aut
429 824 534 873 polio
558 830 628 860 aut
651 822 946 872 melissophyllo
969 825 1009 858 in
1032 825 1123 858 vino
1145 828 1255 871 pota,
1279 822 1349 858 sed

170 878 452 928 particulatim,
516 880 703 927 quoniam
767 879 1026 912 universitate
1090 878 1346 912 vomitionem

171 938 328 968 movet:
377 944 456 980 qua
488 930 538 967 de
572 944 690 967 causa
724 929 937 979 aliquando
970 942 1060 965 cum
1093 934 1184 965 ruta
1217 928 1347 965 datur.

168 984 355 1021 medetur
377 986 475 1021 tussi
499 990 541 1020 et
564 983 834 1032 orthopnoeae
858 995 995 1019 semen
1017 981 1080 1018 vel
1102 982 1228 1025 radim
1250 984 1348 1018 item

169 1038 339 1075 thoracis
375 1044 446 1074 aut
483 1037 595 1073 lienis
633 1043 703 1073 aut
739 1039 893 1073 renium
931 1041 1001 1072 aut
1038 1038 1190 1072 vesicae
1228 1037 1345 1078 vitiis,

170 1091 280 1128 radix
297 1097 433 1127 autem
446 1093 586 1140 ruptis,
601 1089 805 1126 convolsis.
860 1095 996 1138 partus
1012 1101 1170 1138 quoque
1185 1088 1348 1124 adiuvat

170 1151 212 1182 et
231 1144 424 1181 secundas
443 1144 570 1193 pellit.
624 1143 743 1180 datur
763 1149 804 1180 et
823 1142 1041 1179 ischiadicis
1061 1155 1151 1178 cum
1170 1141 1350 1178 crethmo

169 1201 209 1234 in
244 1201 347 1234 vino.
401 1197 564 1233 sudores
600 1199 679 1233 ciet
716 1202 758 1233 et
792 1202 941 1238 ructus,
976 1195 1067 1232 ideo
1102 1194 1348 1232 inflationem

170 1251 361 1288 stomachi
395 1249 574 1293 discutit,
610 1250 775 1286 vulnera
810 1249 859 1285 ad
894 1251 1117 1286 cicatricem
1152 1247 1346 1298 perducit.

171 1307 404 1354 exprimitur
432 1311 473 1341 et
500 1317 614 1340 sucus
642 1303 762 1339 radici
791 1302 897 1339 utilis
925 1302 1081 1338 feminis
1110 1307 1152 1338 et
1179 1301 1348 1338 thoracis

171 1358 569 1408 praecordiorumque
594 1356 811 1399 desideriis,
835 1354 992 1392 calfacit
1016 1358 1123 1391 enim
1147 1361 1188 1392 et
1211 1367 1350 1391 conco-

172 1414 258 1460 quit
280 1417 321 1448 ct
342 1417 500 1461 purgat.
555 1423 691 1446 semen
714 1409 966 1459 peculiariter
985 1408 1210 1458 hydropicis
1231 1408 1350 1444 datur

172 1471 283 1514 potu,
310 1465 451 1513 quibus
479 1470 520 1500 et
546 1476 660 1500 sucus
686 1463 876 1499 inlinitur.
932 1468 973 1498 et
999 1462 1049 1498 ad
1075 1460 1350 1511 malagmata2

171 1521 316 1554 cortice
348 1517 456 1554 arido
488 1523 529 1554 et
559 1517 609 1553 ad
640 1517 803 1553 obsonia
833 1521 1002 1552 utuntur
1031 1528 1120 1551 cum
1150 1514 1278 1551 mulso
1308 1520 1350 1550 et

171 1571 259 1608 oleo
301 1576 343 1607 et
384 1584 493 1620 garo,
535 1572 708 1606 maxime
749 1572 789 1605 in
832 1568 944 1605 elixis
986 1569 1181 1605 carnibus.
1235 1570 1348 1604 sinon

171 1627 445 1661 concoctiones
465 1623 561 1660 facit
580 1636 719 1672 sapore
739 1622 937 1659 simillima
956 1624 1094 1671 piperi.
1149 1620 1291 1658 eadem
1309 1623 1349 1657 in

171 1678 306 1714 dolore
325 1677 517 1714 stomachi
536 1677 685 1713 efficax,

226 1751 236 1769 ¹
260 1752 423 1791 nigroque
443 1750 601 1791 Mayhoff
611 1763 618 1782 :
648 1751 745 1791 nigro
766 1750 857 1790 quod
877 1749 1080 1780 Basileensis
1100 1748 1209 1785 editio,
1230 1747 1348 1788 Detlef-

178 1805 235 1825 sen
250 1807 256 1825 :
282 1795 377 1834 nigro
395 1795 452 1835 qui
470 1792 559 1824 codd.

223 1839 235 1857 2
260 1837 303 1868 ad
322 1837 530 1877 malagmata
548 1846 625 1875 eqo:
658 1836 691 1866 in
710 1835 916 1876 malagmate
936 1834 1092 1875 Mayhoff
1104 1847 1110 1866 :
1143 1833 1350 1874 malagmate

177 1884 235 1911 aut
254 1879 463 1920 malagmata
481 1879 552 1910 sine
567 1878 812 1918 praepositione
830 1878 920 1908 codd.

214 1986 229 2000 ⁰
251 1982 322 2021 E.9.
342 1993 362 2013 a
380 1981 500 2022 cough,
519 1981 654 2012 catari-h
673 1991 710 2012 or
726 1981 934 2011 induration.

169 2024 422 2098 arzf’dfrofessor
448 2024 611 2055 Andrews
638 2023 755 2055 thinks
782 2024 861 2054 that
887 2023 982 2054 there
1010 2024 1037 2054 is
1065 2033 1084 2053 a
1113 2022 1234 2053 lacuna
1261 2021 1350 2052 after

171 2135 241 2170 472
