1459 2288
376 149 572 186 PLINY:
618 149 882 186 NATURAL
915 148 1152 186 HISTORY

109 258 149 288 47
174 257 314 290 tritum
339 266 426 289 raro
450 255 491 289 in
515 266 588 289 usu
614 259 688 296 est,
713 255 815 289 sicut
840 258 881 289 et
906 265 1020 289 sucus
1046 255 1233 301 expressi.
1289 265 1356 289 ex-

115 728 156 757 48

111 1258 152 1287 49

183 315 365 362 primitur
413 317 563 354 autem,
610 324 700 347 cum
747 314 917 360 primum
964 324 1101 347 semen
1148 314 1354 361 turgescit,

177 370 450 407 madefactum
477 383 582 419 aqua
607 370 740 406 triduo
766 383 903 406 recens
931 375 1001 406 aut
1028 372 1173 406 siccum
1200 375 1356 419 septem

177 429 331 473 diebus,
355 429 448 465 dein
472 435 628 465 coctum
651 431 692 464 in
715 441 841 465 aeneo
865 441 957 464 vaso
981 428 1031 464 ad
1054 431 1193 465 tertias
1217 427 1356 464 decem

177 488 345 524 heminis
391 490 431 523 in
478 500 607 537 aquae
655 490 836 524 sextariis
882 499 953 523 XLV
996 489 1223 536 iterumque
1271 499 1356 536 per-

178 547 367 589 colatum,
400 546 525 583 herba
563 546 723 589 electa,l
753 548 936 595 coquitur
972 545 1022 582 ad
1055 544 1357 582 crassitudinem

177 605 320 649 mellis,
341 604 513 654 qualiter
535 618 584 641 ex
604 607 756 641 minore
778 607 982 641 centaurio
1005 607 1208 654 quaeritur
1229 617 1355 641 sucus.

179 664 250 701 sed
275 663 338 700 hic
367 663 586 714 [absinthii]
604 663 619 685 2
646 663 795 700 inutilis
822 663 1026 700 stomacho
1054 665 1254 712 capitique
1283 669 1357 706 est,

181 736 270 759 cum
304 726 355 759 sit
388 723 454 759 ille
488 721 704 759 decoctus3
738 722 1029 759 saluberrimus.
1084 735 1256 771 namque
1291 721 1358 758 ad-

177 785 337 832 stringit
363 781 612 818 stomachum
639 781 840 830 bilemque
867 781 1057 824 detrahit,
1084 783 1239 817 urinam
1265 783 1357 824 ciet,

178 840 309 877 alvum
341 840 494 877 emollit
525 846 567 877 et
597 843 637 876 in
667 840 803 877 dolore
835 846 963 883 sanat,
994 842 1141 876 ventris
1173 839 1359 876 animalia

178 899 306 949 pellit,
351 899 559 936 malaciam
604 898 797 935 stomachi
842 905 883 935 et
926 898 1151 935 inflationes
1195 897 1358 935 discutit

177 972 266 995 cum
279 958 349 995 sile
364 965 405 995 et
418 958 542 994 nardo
556 957 720 1001 Gallico,
733 960 835 994 aceti
849 960 994 1007 exiguo
1007 957 1157 994 addito.
1199 955 1359 994 fastidia

179 1018 398 1067 absterget,
427 1019 700 1054 concoctiones
730 1016 906 1059 adiuvat,
935 1016 1152 1053 cruditates
1181 1015 1358 1053 detrahit

178 1089 267 1113 cum
306 1082 396 1113 ruta
438 1082 479 1113 et
519 1079 657 1125 pipere
695 1082 737 1112 et
774 1075 867 1112 sale.
922 1078 1075 1124 antiqui
1112 1077 1358 1124 purgationis

178 1148 296 1172 causa
334 1135 485 1171 dabant
517 1148 607 1171 cum
639 1137 815 1171 marinae
848 1147 976 1183 aquae
1008 1136 1153 1170 veteris
1185 1135 1359 1170 sextario

180 1196 339 1230 seminis
360 1207 429 1230 sex
452 1193 659 1230 drachmas
680 1207 769 1230 cum
790 1193 916 1230 tribus
934 1192 1038 1235 salis,
1051 1192 1179 1229 mellis
1199 1191 1357 1243 cyatho.

177 1253 369 1289 efficacius
404 1259 551 1302 purgat
586 1252 789 1301 duplicato
825 1251 918 1288 sale.
973 1251 1189 1302 diligenter
1222 1257 1359 1288 autem

179 1314 253 1348 teri
296 1311 420 1348 debet
466 1317 629 1360 propter
675 1310 964 1347 difficultatem.
1031 1310 1193 1360 quidam
1235 1316 1278 1346 et
1318 1313 1358 1346 in

178 1370 341 1420 polenta
365 1370 513 1407 dedere
538 1383 656 1419 supra
680 1369 831 1406 dictum
856 1369 1025 1419 pondus,
1051 1369 1189 1406 addito
1212 1368 1358 1418 puleio,

179 1429 244 1466 alii
269 1432 400 1479 pueris
427 1428 552 1465 folia4
578 1431 619 1465 in
645 1428 717 1465 fico
743 1431 858 1472 sicca,
883 1434 929 1465 ut
955 1427 1263 1465 amaritudinem
1289 1426 1359 1464 fal-

183 1488 324 1525 lerent.
379 1488 583 1525 thoracem
616 1494 762 1537 purgat
795 1500 885 1524 cum
918 1487 1015 1523 iride
1049 1493 1263 1536 sumptum.
1318 1489 1359 1523 in

179 1550 288 1597 regio
315 1547 453 1584 morbo
480 1546 647 1583 crudum
673 1547 823 1583 bibitur
850 1559 940 1583 cum
968 1548 1057 1595 apio
1084 1552 1155 1583 aut
1182 1545 1356 1582 adianto.

180 1606 366 1642 adversus
400 1605 624 1642 inflationes
659 1605 831 1642 calidum
864 1604 1059 1654 paulatim
1093 1605 1275 1642 sorbetur
1308 1617 1357 1641 ex

230 1700 243 1719 1
265 1700 370 1731 herba
401 1700 509 1731 electa
541 1699 698 1740 Mayhoff
709 1712 716 1731 :
762 1699 886 1730 herbae
918 1699 1006 1730 lecta
1038 1699 1067 1730 V
1082 1711 1089 1730 :
1135 1698 1240 1730 herba
1273 1698 1357 1730 elisa

189 1743 330 1780 Urlichs,
348 1742 512 1783 Detlessen
527 1755 534 1774 z
564 1742 669 1773 herba
684 1742 775 1773 lente
793 1742 875 1781 may.
891 1755 897 1773 2
922 1742 1066 1782 fortasse
1080 1742 1197 1773 eiecta.

229 1787 241 1805 ²
264 1785 441 1825 absinthii]
457 1786 502 1816 In
516 1785 614 1816 uncis
629 1785 718 1822 Dal„
737 1785 900 1825 Mayhoff.

228 1829 240 1847 ³
263 1829 422 1860 decoetus
447 1828 515 1860 cod.
536 1828 626 1865 Dal„
651 1828 746 1867 vuly„
768 1827 925 1868 Mayhoff
935 1840 942 1859 ε
968 1827 1100 1859 decocti
1119 1827 1146 1858 T
1167 1826 1354 1867 Detlefsen:

184 1871 331 1903 decoctis
346 1871 436 1903 codd.

228 1915 242 1934 ⁴
263 1914 357 1954 folia]
373 1915 417 1945 In
432 1913 529 1945 uncis
544 1913 663 1951 Hard.‚
679 1913 843 1954 Mayhoff.

222 2017 237 2032 α
259 2011 422 2052 Literally
449 2011 468 2023 “
484 2011 542 2042 the
568 2011 656 2051 juioe
682 2010 720 2042 of
740 2010 799 2041 the
825 2010 990 2051 squeezed
1015 2009 1253 2042 wormwood.''

182 2077 254 2121 418
