1459 2288
335 117 528 154 PLINY:
572 116 835 154 NATURAL
867 115 1102 153 HISTORY

62 226 102 255 64
178 220 365 256 XXXIX.
397 220 538 255 Ericen
593 218 733 254 Graeci
791 224 932 254 vocant
988 218 1172 253 fruticem
1230 230 1306 253 non

129 284 299 320 multum
319 297 342 319 a
363 286 478 319 vitice
495 281 510 305 ¹
537 281 802 325 differentem,
829 281 957 318 colore
978 283 1072 317 roris
1099 283 1236 317 marini
1266 286 1308 316 et

130 361 257 397 paene
281 346 384 383 folio.
440 347 513 383 hoc
537 346 735 382 adversari
760 346 1012 395 serpentibus
1035 345 1212 381 tradunt.

63 417 103 447 65
186 411 271 448 XL.
302 411 469 447 Genista
494 423 653 460 quoque
679 409 821 446 vinculi
847 422 968 445 usum.
988 414 1181 458 praestat,
1206 408 1310 445 floris

131 476 269 524 apibus
295 477 521 525 gratissimi.
576 474 716 510 dubito
743 487 792 509 an
819 473 917 509 haec
943 475 994 509 sit
1020 486 1139 522 quam
1166 472 1305 509 Graeci

132 546 313 575 auctores
338 544 501 587 sparton
527 537 792 587 appellavere,
818 551 907 573 cum
935 550 983 572 ex
1011 549 1058 573 ea
1082 536 1161 572 lina
1185 538 1308 586 pisca-

132 606 233 640 toria
258 603 365 651 apud
391 616 456 638 eos
482 601 655 638 factitari
681 601 897 644 docuerim,
923 607 965 637 et
990 600 1183 650 numquid
1208 600 1308 636 hanc

129 667 398 716 designaverit
441 666 652 708 Homerus,
694 679 783 701 cum
826 665 927 701 dixit
969 667 1128 700 navium
1173 669 1309 713 sparta

130 730 332 767 dissoluta.
388 730 564 766 nondum
601 731 706 765 enim
744 728 862 765 fuisse
900 729 1123 778 Hispanum
1158 727 1308 764 Africa·

132 808 278 831 numve
308 799 487 843 spartum
517 795 556 829 in
586 807 658 829 usu
688 798 842 829 certum
873 798 948 836 est,
978 798 1019 828 et
1048 805 1137 828 cum
1167 792 1309 828 fierent

132 858 267 894 sutiles
289 871 423 900 naves,
444 857 523 894 lino
545 863 695 899 tamen,
717 870 796 893 non
817 862 952 906 sparto
974 869 1164 905 umquam
1187 861 1307 892 sutas.

131 935 267 958 semen
289 924 385 964 eius,
407 921 513 971 quod
535 921 676 957 Graeci
699 920 841 957 eodem
862 922 1021 957 nomine
1044 919 1249 969 appellant
1268 921 1309 955 in

133 985 311 1021 folliculis
336 985 593 1034 passiolorum
618 984 736 1020 modo
760 997 925 1020 nascens
949 989 1096 1034 purgat
1119 983 1308 1020 hellebori

133 1052 216 1085 vice
233 1049 420 1086 drachma
439 1054 480 1084 et
496 1048 661 1085 dimidia
678 1053 773 1097 pota
788 1050 828 1083 in
845 1061 972 1097 aquae
989 1047 1140 1084 mulsae
1156 1046 1310 1098 cyathis

65 1119 106 1149 66
139 1119 329 1162 quattuor
379 1115 530 1149 ieiunis.
586 1115 681 1148 rami
732 1111 847 1148 simul
889 1117 931 1148 et
973 1110 1159 1148 srondes2
1197 1117 1312 1147 aceto

131 1179 321 1213 macerati
371 1176 547 1225 pluribus
596 1176 736 1212 diebus
785 1181 827 1212 et
873 1178 978 1211 tunsi
1028 1188 1164 1212 sucum
1212 1175 1311 1211 dant

134 1241 350 1277 ischiadicis
370 1240 509 1276 utilem
528 1240 662 1290 cyathi
682 1242 796 1276 unius
815 1245 924 1289 potu.
980 1239 1140 1289 quidam
1159 1241 1311 1275 marina

133 1318 236 1354 aqua
252 1317 453 1341 macerare
472 1304 628 1340 malunt
646 1309 687 1339 et
704 1303 914 1340 infundere
930 1303 1112 1354 clystere.
1168 1316 1310 1352 perun-

131 1374 281 1419 guntur
310 1369 453 1405 eodem
482 1381 574 1404 suco
603 1367 801 1404 ischiadici
831 1368 967 1404 addito
995 1367 1093 1404 oleo.
1149 1367 1309 1416 quidam

135 1439 177 1469 et
207 1433 257 1469 ad
286 1434 551 1482 stranguriam
583 1437 750 1468 utuntur
785 1434 947 1468 semine.
1001 1434 1159 1481 genista
1194 1437 1310 1467 tunsa

134 1510 225 1533 cum
247 1499 420 1546 axungia
440 1509 573 1545 genua
594 1495 771 1532 dolentia
791 1501 917 1532 sanat.

183 1642 194 1660 ¹
217 1652 237 1671 a
252 1642 354 1671 vitice
369 1642 382 1680 ξ
398 1642 438 1672 67
453 1640 566 1671 collato
582 1640 755 1680 Maylzoff:
784 1651 803 1671 a
818 1641 945 1680 myrice
959 1641 999 1676 Ε,
1015 1640 1187 1681 Dellefsen.

184 1684 195 1702 ²
219 1684 318 1714 simul
346 1688 381 1714 et
409 1684 545 1714 frondes
572 1694 625 1723 eqo
653 1694 690 1714 ex
720 1683 893 1723 Mayhoffii
917 1683 1108 1714 coniecturis
1123 1695 1130 1714 ε
1157 1682 1312 1714 similiter

141 1727 271 1757 frondei
290 1727 406 1763 Ianus,
426 1726 589 1767 Detlessen
605 1738 611 1756 :
642 1726 799 1757 similiter
815 1726 934 1757 fronde
952 1727 1039 1758 codd.

181 1892 194 1906 ‘¹
217 1888 311 1919 With
327 1888 386 1919 the
402 1888 542 1929 reading
559 1888 688 1928 myrice,
709 1887 727 1899 “
742 1887 944 1919 tamarisk.'‘

182 1931 194 1950 ὸ
218 1932 314 1962 Book
331 1931 430 1962 XIX.
448 1932 462 1970 ξ
482 1933 530 1963 15.

181 1979 192 1993 ⁶
215 1974 274 2006 See
300 1974 388 2005 Iliad
418 1973 464 2005 II.
493 1975 564 2009 135,
589 1975 715 2012 σπάρτα
739 1973 894 2005 λέλυνται.
944 1973 1054 2014 Pliny,
1079 1984 1116 2005 as
1142 1973 1246 2005 Varro
1277 1977 1310 2004 in

141 2047 184 2082 50
