<?xml version="1.0" encoding="UTF-8"?>
<!DOCTYPE html PUBLIC "-//W3C//DTD XHTML 1.0 Transitional//EN"
    "http://www.w3.org/TR/xhtml1/DTD/xhtml1-transitional.dtd">
<html xmlns="http://www.w3.org/1999/xhtml" xml:lang="en" lang="en">
 <head>
  <title>
</title>
<meta http-equiv="Content-Type" content="text/html;charset=utf-8" />
  <meta name='ocr-system' content='tesseract 3.04.00' />
  <meta name='ocr-capabilities' content='ocr_page ocr_carea ocr_par ocr_line ocrx_word'/>
</head>
<body>
  <div class='ocr_page' id='page_1' title='image "./naturalhistory07plinuoft_0150.png"; bbox 0 0 1459 2288; ppageno 0'>
   <div class='ocr_carea' id='block_1_1' title="bbox 362 83 1135 123">
    <p class='ocr_par' dir='ltr' id='par_1_1' title="bbox 362 83 1135 123">
     <span class='ocr_line' id='line_1_1' title="bbox 362 83 1135 123; baseline -0.001 -2"><span class='ocrx_word' id='word_1_1' title='bbox 362 85 556 123; x_wconf 84' lang='lat' dir='ltr'>PLINY:</span> <span class='ocrx_word' id='word_1_2' title='bbox 602 84 866 122; x_wconf 88' lang='lat' dir='ltr'><strong>NATURAL</strong></span> <span class='ocrx_word' id='word_1_3' title='bbox 899 83 1135 121; x_wconf 89' lang='lat' dir='ltr'>HISTORY</span> 
     </span>
    </p>
   </div>
   <div class='ocr_carea' id='block_1_2' title="bbox 162 184 1338 239">
    <p class='ocr_par' dir='ltr' id='par_1_2' title="bbox 162 184 1338 239">
     <span class='ocr_line' id='line_1_2' title="bbox 162 184 1338 239; baseline -0.003 -13"><span class='ocrx_word' id='word_1_4' title='bbox 162 194 295 226; x_wconf 83' lang='lat' dir='ltr'><strong>tumor</strong></span> <span class='ocrx_word' id='word_1_5' title='bbox 319 190 400 224; x_wconf 86' lang='lat' dir='ltr'><strong>sive</strong></span> <span class='ocrx_word' id='word_1_6' title='bbox 425 188 721 239; x_wconf 22' lang='lat' dir='ltr'><strong>contractio&#39;sit</strong></span> <span class='ocrx_word' id='word_1_7' title='bbox 746 185 900 229; x_wconf 86' lang='lat' dir='ltr'><strong>vulvae,</strong></span> <span class='ocrx_word' id='word_1_8' title='bbox 927 184 1125 229; x_wconf 86' lang='lat' dir='ltr'><strong>foventur,</strong></span> <span class='ocrx_word' id='word_1_9' title='bbox 1150 185 1338 222; x_wconf 90' lang='lat' dir='ltr'><strong>insidunt.</strong></span> 
     </span>
    </p>
   </div>
   <div class='ocr_carea' id='block_1_3' title="bbox 163 267 1338 320">
    <p class='ocr_par' dir='ltr' id='par_1_3' title="bbox 163 267 1338 320">
     <span class='ocr_line' id='line_1_3' title="bbox 163 267 1338 320; baseline -0.003 -11"><span class='ocrx_word' id='word_1_10' title='bbox 163 271 336 309; x_wconf 80' lang='lat' dir='ltr'><strong>infusum</strong></span> <span class='ocrx_word' id='word_1_11' title='bbox 355 283 514 320; x_wconf 88' lang='lat' dir='ltr'><strong>quoque</strong></span> <span class='ocrx_word' id='word_1_12' title='bbox 533 269 707 320; x_wconf 90' lang='lat' dir='ltr'><strong>prodest.</strong></span> <span class='ocrx_word' id='word_1_13' title='bbox 764 268 934 306; x_wconf 85' lang='lat' dir='ltr'><strong>furfures</strong></span> <span class='ocrx_word' id='word_1_14' title='bbox 953 271 993 305; x_wconf 88' lang='lat' dir='ltr'><strong>in</strong></span> <span class='ocrx_word' id='word_1_15' title='bbox 1011 267 1112 305; x_wconf 87' lang='lat' dir='ltr'><strong>facie</strong></span> <span class='ocrx_word' id='word_1_16' title='bbox 1133 274 1338 305; x_wconf 77' lang='lat' dir='ltr'><strong>extenuat.</strong></span> 
     </span>
    </p>
   </div>
   <div class='ocr_carea' id='block_1_4' title="bbox 68 351 1339 405">
    <p class='ocr_par' dir='ltr' id='par_1_4' title="bbox 68 351 1339 405">
     <span class='ocr_line' id='line_1_4' title="bbox 68 351 1339 405; baseline -0.002 -15"><span class='ocrx_word' id='word_1_17' title='bbox 68 361 128 392; x_wconf 88' lang='lat'><strong>185</strong></span> <span class='ocrx_word' id='word_1_18' title='bbox 157 355 283 405; x_wconf 87' lang='lat' dir='ltr'><strong>spleni</strong></span> <span class='ocrx_word' id='word_1_19' title='bbox 307 354 443 391; x_wconf 89' lang='lat' dir='ltr'><strong>addito</strong></span> <span class='ocrx_word' id='word_1_20' title='bbox 468 356 571 390; x_wconf 88' lang='lat' dir='ltr'><strong>nitro</strong></span> <span class='ocrx_word' id='word_1_21' title='bbox 595 352 805 389; x_wconf 90' lang='lat' dir='ltr'><strong>decoctum</strong></span> <span class='ocrx_word' id='word_1_22' title='bbox 831 357 873 388; x_wconf 91' lang='lat' dir='ltr'><strong>et</strong></span> <span class='ocrx_word' id='word_1_23' title='bbox 901 354 1116 401; x_wconf 89' lang='lat' dir='ltr'><strong>inpositum</strong></span> <span class='ocrx_word' id='word_1_24' title='bbox 1140 351 1339 396; x_wconf 85' lang='lat' dir='ltr'><strong>medetur,</strong></span> 
     </span>
    </p>
   </div>
   <div class='ocr_carea' id='block_1_5' title="bbox 162 434 1341 737">
    <p class='ocr_par' dir='ltr' id='par_1_5' title="bbox 162 434 1341 737">
     <span class='ocr_line' id='line_1_5' title="bbox 163 434 1340 475; baseline -0.003 0"><span class='ocrx_word' id='word_1_25' title='bbox 163 441 260 475; x_wconf 90' lang='lat' dir='ltr'><strong>item</strong></span> <span class='ocrx_word' id='word_1_26' title='bbox 293 450 341 474; x_wconf 86' lang='lat' dir='ltr'><strong>ex</strong></span> <span class='ocrx_word' id='word_1_27' title='bbox 374 442 499 473; x_wconf 89' lang='lat' dir='ltr'><strong>aceto.</strong></span> <span class='ocrx_word' id='word_1_28' title='bbox 556 439 609 472; x_wconf 88' lang='lat' dir='ltr'><strong>sic</strong></span> <span class='ocrx_word' id='word_1_29' title='bbox 641 441 683 472; x_wconf 90' lang='lat' dir='ltr'><strong>et</strong></span> <span class='ocrx_word' id='word_1_30' title='bbox 714 437 873 471; x_wconf 89' lang='lat' dir='ltr'><strong>iocineri</strong></span> <span class='ocrx_word' id='word_1_31' title='bbox 905 435 1126 471; x_wconf 89' lang='lat' dir='ltr'><strong>decoctum.</strong></span> <span class='ocrx_word' id='word_1_32' title='bbox 1183 434 1340 472; x_wconf 87' lang='lat' dir='ltr'><strong>Diocles</strong></span> 
     </span>
     <span class='ocr_line' id='line_1_6' title="bbox 163 518 1339 569; baseline -0.003 -11"><span class='ocrx_word' id='word_1_33' title='bbox 163 520 317 559; x_wconf 87' lang='lat' dir='ltr'><strong>difficile</strong></span> <span class='ocrx_word' id='word_1_34' title='bbox 366 519 612 569; x_wconf 85' lang='lat' dir='ltr'><strong>parientibus</strong></span> <span class='ocrx_word' id='word_1_35' title='bbox 663 531 800 555; x_wconf 87' lang='lat' dir='ltr'><strong>semen</strong></span> <span class='ocrx_word' id='word_1_36' title='bbox 849 519 932 555; x_wconf 90' lang='lat' dir='ltr'><strong>eius</strong></span> <span class='ocrx_word' id='word_1_37' title='bbox 982 518 1094 555; x_wconf 83' lang='lat' dir='ltr'>dedit</span> <span class='ocrx_word' id='word_1_38' title='bbox 1144 518 1339 555; x_wconf 84' lang='lat' dir='ltr'><strong>acetabuli</strong></span> 
     </span>
     <span class='ocr_line' id='line_1_7' title="bbox 162 601 1341 651; baseline -0.003 -10"><span class='ocrx_word' id='word_1_39' title='bbox 162 617 348 641; x_wconf 86' lang='lat' dir='ltr'><strong>mensura</strong></span> <span class='ocrx_word' id='word_1_40' title='bbox 378 605 517 640; x_wconf 86' lang='lat' dir='ltr'><strong>tritum</strong></span> <span class='ocrx_word' id='word_1_41' title='bbox 548 605 588 639; x_wconf 91' lang='lat' dir='ltr'><strong>in</strong></span> <span class='ocrx_word' id='word_1_42' title='bbox 618 615 761 639; x_wconf 81' lang='lat' dir='ltr'><strong>novem</strong></span> <span class='ocrx_word' id='word_1_43' title='bbox 792 601 945 651; x_wconf 79' lang='lat' dir='ltr'><strong>cyathis</strong></span> <span class='ocrx_word' id='word_1_44' title='bbox 976 614 1096 651; x_wconf 83' lang='lat' dir='ltr'><strong>sapae</strong></span> <span class='ocrx_word' id='word_1_45' title='bbox 1127 607 1173 638; x_wconf 87' lang='lat' dir='ltr'><strong>ut</strong></span> <span class='ocrx_word' id='word_1_46' title='bbox 1202 604 1341 638; x_wconf 89' lang='lat' dir='ltr'><strong>tertias</strong></span> 
     </span>
     <span class='ocr_line' id='line_1_8' title="bbox 163 684 1341 737; baseline -0.003 -13"><span class='ocrx_word' id='word_1_47' title='bbox 163 693 297 737; x_wconf 90' lang='lat' dir='ltr'><strong>partes</strong></span> <span class='ocrx_word' id='word_1_48' title='bbox 318 687 517 729; x_wconf 75' lang='lat' dir='ltr'><strong>biberent,</strong></span> <span class='ocrx_word' id='word_1_49' title='bbox 539 685 631 722; x_wconf 89' lang='lat' dir='ltr'><strong>dein</strong></span> <span class='ocrx_word' id='word_1_50' title='bbox 652 684 779 721; x_wconf 85' lang='lat' dir='ltr'><strong>calida</strong></span> <span class='ocrx_word' id='word_1_51' title='bbox 800 684 1040 728; x_wconf 80' lang='lat' dir='ltr'><strong>lavarentur,</strong></span> <span class='ocrx_word' id='word_1_52' title='bbox 1063 690 1105 721; x_wconf 89' lang='lat' dir='ltr'><strong>et</strong></span> <span class='ocrx_word' id='word_1_53' title='bbox 1125 687 1165 721; x_wconf 90' lang='lat' dir='ltr'><strong>in</strong></span> <span class='ocrx_word' id='word_1_54' title='bbox 1185 684 1341 721; x_wconf 89' lang='lat' dir='ltr'><strong>balineo</strong></span> 
     </span>
    </p>
   </div>
   <div class='ocr_carea' id='block_1_6' title="bbox 163 767 1343 812">
    <p class='ocr_par' dir='ltr' id='par_1_6' title="bbox 163 767 1343 812">
     <span class='ocr_line' id='line_1_9' title="bbox 163 767 1343 812; baseline -0.001 -5"><span class='ocrx_word' id='word_1_55' title='bbox 163 770 398 808; x_wconf 84' lang='lat' dir='ltr'><strong>sudantibus</strong></span> <span class='ocrx_word' id='word_1_56' title='bbox 421 769 629 806; x_wconf 87' lang='lat' dir='ltr'><strong>dimidium</strong></span> <span class='ocrx_word' id='word_1_57' title='bbox 653 781 703 805; x_wconf 84' lang='lat' dir='ltr'><strong>ex</strong></span> <span class='ocrx_word' id='word_1_58' title='bbox 725 768 864 805; x_wconf 89' lang='lat' dir='ltr'><strong>relicto</strong></span> <span class='ocrx_word' id='word_1_59' title='bbox 887 770 1032 804; x_wconf 87' lang='lat' dir='ltr'><strong>iterum</strong></span> <span class='ocrx_word' id='word_1_60' title='bbox 1056 767 1181 812; x_wconf 86' lang='lat' dir='ltr'><strong>dedit,</strong></span> <span class='ocrx_word' id='word_1_61' title='bbox 1204 781 1295 804; x_wconf 81' lang='lat' dir='ltr'><strong>mox</strong></span> <span class='ocrx_word' id='word_1_62' title='bbox 1319 782 1343 806; x_wconf 88' lang='lat' dir='ltr'><strong>a</strong></span> 
     </span>
    </p>
   </div>
   <div class='ocr_carea' id='block_1_7' title="bbox 68 850 1339 902">
    <p class='ocr_par' dir='ltr' id='par_1_7' title="bbox 68 850 1339 902">
     <span class='ocr_line' id='line_1_10' title="bbox 68 850 1339 902; baseline -0.002 -11"><span class='ocrx_word' id='word_1_63' title='bbox 68 860 127 891; x_wconf 88' lang='grc'><strong>186</strong></span> <span class='ocrx_word' id='word_1_64' title='bbox 157 854 314 891; x_wconf 91' lang='lat' dir='ltr'><strong>balineo</strong></span> <span class='ocrx_word' id='word_1_65' title='bbox 346 853 522 896; x_wconf 81' lang='lat' dir='ltr'><strong>relicum,</strong></span> <span class='ocrx_word' id='word_1_66' title='bbox 554 866 624 902; x_wconf 88' lang='lat' dir='ltr'><strong>pro</strong></span> <span class='ocrx_word' id='word_1_67' title='bbox 656 865 810 888; x_wconf 90' lang='lat' dir='ltr'><strong>summo</strong></span> <span class='ocrx_word' id='word_1_68' title='bbox 843 851 998 888; x_wconf 81' lang='lat' dir='ltr'><strong>auxilio.</strong></span> <span class='ocrx_word' id='word_1_69' title='bbox 1055 850 1222 887; x_wconf 85' lang='lat' dir='ltr'><strong>farinam</strong></span> <span class='ocrx_word' id='word_1_70' title='bbox 1261 850 1339 888; x_wconf 88' lang='lat' dir='ltr'><strong>feni</strong></span> 
     </span>
    </p>
   </div>
   <div class='ocr_carea' id='block_1_8' title="bbox 76 1444 134 1474">
    <p class='ocr_par' dir='ltr' id='par_1_8' title="bbox 76 1444 134 1474">
     <span class='ocr_line' id='line_1_11' title="bbox 76 1444 134 1474; baseline 0 -1"><span class='ocrx_word' id='word_1_71' title='bbox 76 1444 134 1474; x_wconf 87' lang='grc'><strong>187</strong></span> 
     </span>
    </p>
   </div>
   <div class='ocr_carea' id='block_1_9' title="bbox 161 934 1341 1904">
    <p class='ocr_par' dir='ltr' id='par_1_9' title="bbox 161 934 1341 1904">
     <span class='ocr_line' id='line_1_12' title="bbox 162 934 1340 984; baseline -0.003 -10"><span class='ocrx_word' id='word_1_72' title='bbox 162 951 251 974; x_wconf 92' lang='lat' dir='ltr'><strong>cum</strong></span> <span class='ocrx_word' id='word_1_73' title='bbox 283 936 430 973; x_wconf 90' lang='lat' dir='ltr'><strong>hordeo</strong></span> <span class='ocrx_word' id='word_1_74' title='bbox 463 941 533 973; x_wconf 87' lang='lat' dir='ltr'><strong>aut</strong></span> <span class='ocrx_word' id='word_1_75' title='bbox 563 935 630 972; x_wconf 89' lang='lat' dir='ltr'><strong>lini</strong></span> <span class='ocrx_word' id='word_1_76' title='bbox 661 937 812 972; x_wconf 90' lang='lat' dir='ltr'><strong>semine</strong></span> <span class='ocrx_word' id='word_1_77' title='bbox 843 934 1051 971; x_wconf 87' lang='lat' dir='ltr'><strong>decoctam</strong></span> <span class='ocrx_word' id='word_1_78' title='bbox 1083 947 1186 984; x_wconf 88' lang='lat' dir='ltr'><strong>aqua</strong></span> <span class='ocrx_word' id='word_1_79' title='bbox 1215 934 1340 972; x_wconf 90' lang='lat' dir='ltr'><strong>mulsa</strong></span> 
     </span>
     <span class='ocr_line' id='line_1_13' title="bbox 162 1018 1341 1067; baseline -0.003 -9"><span class='ocrx_word' id='word_1_80' title='bbox 162 1026 299 1058; x_wconf 83' lang='lat' dir='ltr'><strong>contra</strong></span> <span class='ocrx_word' id='word_1_81' title='bbox 319 1019 460 1056; x_wconf 79' lang='lat' dir='ltr'><strong>vulvae</strong></span> <span class='ocrx_word' id='word_1_82' title='bbox 481 1021 677 1055; x_wconf 87' lang='lat' dir='ltr'><strong>cruciatus</strong></span> <span class='ocrx_word' id='word_1_83' title='bbox 693 1019 840 1055; x_wconf 91' lang='lat' dir='ltr'><strong>obiecit</strong></span> <span class='ocrx_word' id='word_1_84' title='bbox 860 1018 967 1055; x_wconf 90' lang='lat' dir='ltr'><strong>idem</strong></span> <span class='ocrx_word' id='word_1_85' title='bbox 987 1020 1242 1067; x_wconf 88' lang='lat' dir='ltr'><strong>inposuitque</strong></span> <span class='ocrx_word' id='word_1_86' title='bbox 1264 1020 1341 1055; x_wconf 90' lang='lat' dir='ltr'><strong>imo</strong></span> 
     </span>
     <span class='ocr_line' id='line_1_14' title="bbox 162 1101 1341 1152; baseline -0.003 -12"><span class='ocrx_word' id='word_1_87' title='bbox 162 1106 302 1141; x_wconf 83' lang='lat' dir='ltr'><strong>ventri.</strong></span> <span class='ocrx_word' id='word_1_88' title='bbox 358 1103 499 1152; x_wconf 88' lang='lat' dir='ltr'><strong>lepras,</strong></span> <span class='ocrx_word' id='word_1_89' title='bbox 550 1102 761 1152; x_wconf 82' lang='lat' dir='ltr'><strong>lentigines</strong></span> <span class='ocrx_word' id='word_1_90' title='bbox 810 1101 978 1151; x_wconf 86' lang='lat' dir='ltr'><strong>sulpuris</strong></span> <span class='ocrx_word' id='word_1_91' title='bbox 1026 1104 1109 1150; x_wconf 89' lang='lat' dir='ltr'><strong>pari</strong></span> <span class='ocrx_word' id='word_1_92' title='bbox 1158 1103 1341 1151; x_wconf 83' lang='lat' dir='ltr'><strong>portione</strong></span> 
     </span>
     <span class='ocr_line' id='line_1_15' title="bbox 162 1185 1340 1234; baseline -0.002 -11"><span class='ocrx_word' id='word_1_93' title='bbox 162 1189 288 1223; x_wconf 76' lang='lat' dir='ltr'><strong>mixta</strong></span> <span class='ocrx_word' id='word_1_94' title='bbox 320 1185 471 1222; x_wconf 86' lang='lat' dir='ltr'><strong>farinae</strong></span> <span class='ocrx_word' id='word_1_95' title='bbox 503 1187 668 1228; x_wconf 85' lang='lat' dir='ltr'><strong>curavit,</strong></span> <span class='ocrx_word' id='word_1_96' title='bbox 701 1187 805 1221; x_wconf 88' lang='lat' dir='ltr'><strong>nitro</strong></span> <span class='ocrx_word' id='word_1_97' title='bbox 837 1190 932 1221; x_wconf 89' lang='lat' dir='ltr'><strong>ante</strong></span> <span class='ocrx_word' id='word_1_98' title='bbox 964 1190 1204 1234; x_wconf 87' lang='lat' dir='ltr'><strong>praeparata</strong></span> <span class='ocrx_word' id='word_1_99' title='bbox 1235 1190 1340 1228; x_wconf 88' lang='lat' dir='ltr'><strong>cute,</strong></span> 
     </span>
     <span class='ocr_line' id='line_1_16' title="bbox 162 1267 1340 1320; baseline -0.002 -13"><span class='ocrx_word' id='word_1_100' title='bbox 162 1273 318 1320; x_wconf 89' lang='lat' dir='ltr'><strong>saepius</strong></span> <span class='ocrx_word' id='word_1_101' title='bbox 346 1270 410 1306; x_wconf 92' lang='lat' dir='ltr'><strong>die</strong></span> <span class='ocrx_word' id='word_1_102' title='bbox 436 1268 605 1305; x_wconf 88' lang='lat' dir='ltr'><strong>inlinens</strong></span> <span class='ocrx_word' id='word_1_103' title='bbox 630 1270 908 1318; x_wconf 82' lang='lat' dir='ltr'><strong>perunguique</strong></span> <span class='ocrx_word' id='word_1_104' title='bbox 936 1267 1160 1317; x_wconf 89' lang='lat' dir='ltr'><strong>prohibens.</strong></span> <span class='ocrx_word' id='word_1_105' title='bbox 1214 1267 1340 1305; x_wconf 89' lang='lat' dir='ltr'><strong>Theo-</strong></span> 
     </span>
     <span class='ocr_line' id='line_1_17' title="bbox 161 1352 1339 1401; baseline -0.003 -10"><span class='ocrx_word' id='word_1_106' title='bbox 161 1354 279 1391; x_wconf 91' lang='lat' dir='ltr'><strong>dorus</strong></span> <span class='ocrx_word' id='word_1_107' title='bbox 300 1352 392 1390; x_wconf 89' lang='lat' dir='ltr'><strong>feno</strong></span> <span class='ocrx_word' id='word_1_108' title='bbox 413 1355 571 1389; x_wconf 83' lang='lat' dir='ltr'><strong>miscuit</strong></span> <span class='ocrx_word' id='word_1_109' title='bbox 592 1357 776 1401; x_wconf 89' lang='lat' dir='ltr'><strong>quartam</strong></span> <span class='ocrx_word' id='word_1_110' title='bbox 797 1357 954 1401; x_wconf 88' lang='lat' dir='ltr'><strong>partem</strong></span> <span class='ocrx_word' id='word_1_111' title='bbox 976 1354 1135 1401; x_wconf 86' lang='lat' dir='ltr'><strong>purgati</strong></span> <span class='ocrx_word' id='word_1_112' title='bbox 1156 1354 1339 1388; x_wconf 88' lang='lat' dir='ltr'><strong>nasturtii</strong></span> 
     </span>
     <span class='ocr_line' id='line_1_18' title="bbox 167 1434 1338 1484; baseline -0.002 -11"><span class='ocrx_word' id='word_1_113' title='bbox 167 1439 356 1473; x_wconf 86' lang='lat' dir='ltr'><strong>acerrimo</strong></span> <span class='ocrx_word' id='word_1_114' title='bbox 411 1441 524 1472; x_wconf 88' lang='lat' dir='ltr'><strong>aceto</strong></span> <span class='ocrx_word' id='word_1_115' title='bbox 579 1436 629 1472; x_wconf 91' lang='lat' dir='ltr'><strong>ad</strong></span> <span class='ocrx_word' id='word_1_116' title='bbox 683 1435 822 1484; x_wconf 86' lang='lat' dir='ltr'><strong>lepras.</strong></span> <span class='ocrx_word' id='word_1_117' title='bbox 872 1435 1012 1472; x_wconf 90' lang='lat' dir='ltr'><strong>Timon</strong></span> <span class='ocrx_word' id='word_1_118' title='bbox 1066 1448 1203 1472; x_wconf 88' lang='lat' dir='ltr'><strong>semen</strong></span> <span class='ocrx_word' id='word_1_119' title='bbox 1258 1434 1338 1471; x_wconf 89' lang='lat' dir='ltr'><strong>feni</strong></span> 
     </span>
     <span class='ocr_line' id='line_1_19' title="bbox 162 1520 1338 1568; baseline -0.001 -11"><span class='ocrx_word' id='word_1_120' title='bbox 162 1520 360 1557; x_wconf 85' lang='lat' dir='ltr'><strong>acetabuli</strong></span> <span class='ocrx_word' id='word_1_121' title='bbox 377 1520 527 1557; x_wconf 87' lang='lat' dir='ltr'><strong>dimidii</strong></span> <span class='ocrx_word' id='word_1_122' title='bbox 545 1532 731 1555; x_wconf 87' lang='lat' dir='ltr'><strong>mensura</strong></span> <span class='ocrx_word' id='word_1_123' title='bbox 748 1531 838 1555; x_wconf 88' lang='lat' dir='ltr'><strong>cum</strong></span> <span class='ocrx_word' id='word_1_124' title='bbox 855 1531 975 1568; x_wconf 87' lang='lat' dir='ltr'><strong>sapae</strong></span> <span class='ocrx_word' id='word_1_125' title='bbox 994 1524 1035 1555; x_wconf 88' lang='lat' dir='ltr'><strong>et</strong></span> <span class='ocrx_word' id='word_1_126' title='bbox 1053 1531 1180 1568; x_wconf 89' lang='lat' dir='ltr'><strong>aquae</strong></span> <span class='ocrx_word' id='word_1_127' title='bbox 1198 1532 1338 1556; x_wconf 79' lang='lat' dir='ltr'><strong>novem</strong></span> 
     </span>
     <span class='ocr_line' id='line_1_20' title="bbox 161 1601 1340 1654; baseline -0.001 -14"><span class='ocrx_word' id='word_1_128' title='bbox 161 1603 314 1654; x_wconf 71' lang='lat' dir='ltr'><strong>cyathis</strong></span> <span class='ocrx_word' id='word_1_129' title='bbox 338 1603 388 1640; x_wconf 91' lang='lat' dir='ltr'><strong>ad</strong></span> <span class='ocrx_word' id='word_1_130' title='bbox 409 1615 565 1639; x_wconf 89' lang='lat' dir='ltr'><strong>menses</strong></span> <span class='ocrx_word' id='word_1_131' title='bbox 588 1601 747 1639; x_wconf 87' lang='lat' dir='ltr'><strong>ciendos</strong></span> <span class='ocrx_word' id='word_1_132' title='bbox 770 1602 882 1639; x_wconf 81' lang='lat' dir='ltr'><strong>dedit</strong></span> <span class='ocrx_word' id='word_1_133' title='bbox 904 1607 1015 1651; x_wconf 89' lang='lat' dir='ltr'><strong>potu,</strong></span> <span class='ocrx_word' id='word_1_134' title='bbox 1038 1615 1111 1638; x_wconf 91' lang='lat' dir='ltr'><strong>nec</strong></span> <span class='ocrx_word' id='word_1_135' title='bbox 1132 1602 1340 1639; x_wconf 88' lang='lat' dir='ltr'><strong>dubitatur</strong></span> 
     </span>
     <span class='ocr_line' id='line_1_21' title="bbox 162 1685 1340 1737; baseline -0.001 -13"><span class='ocrx_word' id='word_1_136' title='bbox 162 1690 256 1737; x_wconf 89' lang='lat' dir='ltr'><strong>quin</strong></span> <span class='ocrx_word' id='word_1_137' title='bbox 297 1687 507 1724; x_wconf 84' lang='lat' dir='ltr'><strong>decoctum</strong></span> <span class='ocrx_word' id='word_1_138' title='bbox 548 1688 631 1723; x_wconf 91' lang='lat' dir='ltr'><strong>eius</strong></span> <span class='ocrx_word' id='word_1_139' title='bbox 673 1685 924 1722; x_wconf 86' lang='lat' dir='ltr'><strong>utilissimum</strong></span> <span class='ocrx_word' id='word_1_140' title='bbox 964 1688 1015 1722; x_wconf 86' lang='lat' dir='ltr'><strong>sit</strong></span> <span class='ocrx_word' id='word_1_141' title='bbox 1055 1685 1178 1722; x_wconf 85' lang='lat' dir='ltr'><strong>vulvis</strong></span> <span class='ocrx_word' id='word_1_142' title='bbox 1219 1688 1340 1723; x_wconf 87' lang='lat' dir='ltr'><strong>inter-</strong></span> 
     </span>
     <span class='ocr_line' id='line_1_22' title="bbox 162 1769 1339 1820; baseline 0 -13"><span class='ocrx_word' id='word_1_143' title='bbox 162 1773 351 1820; x_wconf 87' lang='lat' dir='ltr'><strong>aneisque</strong></span> <span class='ocrx_word' id='word_1_144' title='bbox 390 1769 639 1813; x_wconf 82' lang='lat' dir='ltr'><strong>exulceratis,</strong></span> <span class='ocrx_word' id='word_1_145' title='bbox 678 1771 791 1806; x_wconf 89' lang='lat' dir='ltr'><strong>sicuti</strong></span> <span class='ocrx_word' id='word_1_146' title='bbox 830 1782 967 1805; x_wconf 88' lang='lat' dir='ltr'><strong>semen</strong></span> <span class='ocrx_word' id='word_1_147' title='bbox 1005 1769 1179 1806; x_wconf 87' lang='lat' dir='ltr'><strong>articulis</strong></span> <span class='ocrx_word' id='word_1_148' title='bbox 1217 1775 1339 1820; x_wconf 89' lang='lat' dir='ltr'><strong>atque</strong></span> 
     </span>
     <span class='ocr_line' id='line_1_23' title="bbox 161 1851 1339 1904; baseline 0 -14"><span class='ocrx_word' id='word_1_149' title='bbox 161 1854 411 1904; x_wconf 84' lang='lat' dir='ltr'><strong>praecordiis.</strong></span> <span class='ocrx_word' id='word_1_150' title='bbox 467 1855 497 1890; x_wconf 91' lang='lat' dir='ltr'><strong>si</strong></span> <span class='ocrx_word' id='word_1_151' title='bbox 526 1865 618 1889; x_wconf 80' lang='lat' dir='ltr'><strong>vero</strong></span> <span class='ocrx_word' id='word_1_152' title='bbox 648 1866 737 1889; x_wconf 90' lang='lat' dir='ltr'><strong>cum</strong></span> <span class='ocrx_word' id='word_1_153' title='bbox 765 1851 896 1889; x_wconf 89' lang='lat' dir='ltr'><strong>malva</strong></span> <span class='ocrx_word' id='word_1_154' title='bbox 924 1852 1171 1902; x_wconf 87' lang='lat' dir='ltr'><strong>decoquatur</strong></span> <span class='ocrx_word' id='word_1_155' title='bbox 1198 1859 1339 1902; x_wconf 86' lang='lat' dir='ltr'><strong>postea</strong></span> 
     </span>
    </p>
   </div>
   <div class='ocr_carea' id='block_1_10' title="bbox 162 1935 1337 2052">
    <p class='ocr_par' dir='ltr' id='par_1_10' title="bbox 162 1935 1337 2052">
     <span class='ocr_line' id='line_1_24' title="bbox 162 1935 1337 1986; baseline -0.001 -12"><span class='ocrx_word' id='word_1_156' title='bbox 162 1938 300 1975; x_wconf 81' lang='lat' dir='ltr'><strong>addito</strong></span> <span class='ocrx_word' id='word_1_157' title='bbox 322 1936 462 1981; x_wconf 84' lang='lat' dir='ltr'><strong>mulso,</strong></span> <span class='ocrx_word' id='word_1_158' title='bbox 483 1942 602 1986; x_wconf 92' lang='lat' dir='ltr'><strong>potus</strong></span> <span class='ocrx_word' id='word_1_159' title='bbox 625 1942 719 1973; x_wconf 88' lang='lat' dir='ltr'><strong>ante</strong></span> <span class='ocrx_word' id='word_1_160' title='bbox 742 1942 877 1973; x_wconf 89' lang='lat' dir='ltr'><strong>cetera</strong></span> <span class='ocrx_word' id='word_1_161' title='bbox 898 1935 1021 1973; x_wconf 82' lang='lat' dir='ltr'><strong>vulvis</strong></span> <span class='ocrx_word' id='word_1_162' title='bbox 1042 1939 1337 1986; x_wconf 87' lang='lat' dir='ltr'><strong>interaneisque</strong></span> 
     </span>
     <span class='ocr_line' id='line_1_25' title="bbox 165 2016 232 2052; baseline 0 -12"><span class='ocrx_word' id='word_1_163' title='bbox 165 2016 232 2052; x_wconf 83' lang='lat'><strong>130</strong></span> 
     </span>
    </p>
   </div>
  </div>
 </body>
</html>
