1459 2288
388 211 581 248 PLINY:
628 210 891 247 NATURAL
925 209 1161 247 HISTORY

181 318 431 352 auctoritatis
457 315 626 358 medico,
650 317 749 350 item
775 315 1053 363 Aristogitoni,
1077 315 1118 349 in
1141 312 1365 349 volneribus

180 369 398 418 praeclara,
424 382 473 404 ex
499 382 603 418 aqua
626 374 715 404 tusa
739 370 925 416 inposita,
949 372 1045 429 pota
1068 380 1161 403 vero
1183 367 1365 402 mammis

179 436 345 472 praecoi
347 423 445 458 diisv
450 435 471 458 e
486 424 695 471 percussis,
708 424 808 457 item
821 423 1058 470 sanguinem
1073 419 1364 456 excreantibus.

183 479 376 523 putavere
403 478 445 510 et
468 473 685 509 bibendam
710 472 936 509 volneratis.
991 471 1171 508 fabulosa
1195 472 1363 508 arbitror

183 540 286 576 quae
309 526 547 570 adiciuntur,
568 531 731 563 recente
755 538 802 562 ea
823 528 853 561 si
876 531 1014 562 uratur
1034 524 1182 562 ferrum
1204 531 1274 562 aut
1296 538 1362 561 aes

185 579 427 616 feruminari.

115 637 155 667 32
232 633 317 669 XV.
348 634 552 682 Aparinen
584 632 704 681 aliqui
736 631 1083 681 omphalocarpon,
1115 631 1179 668 alii
1210 631 1363 681 philan-

183 686 355 736 thropon
386 692 541 728 vocant,
572 699 781 728 ramosam,
811 685 1018 728 hirsutam,
1049 687 1177 734 quinis
1207 687 1361 721 senisve

184 743 222 776 in
255 740 392 776 orbem
423 743 525 776 circa
557 752 684 775 ramos
716 737 818 775 foliis
850 752 920 788 per
951 738 1171 775 intervalla.
1226 751 1363 774 semen

183 793 413 836 rotundum,
437 793 595 835 durum,
618 805 847 835 concavum,
871 791 1073 828 subdulce.
1127 794 1302 828 nascitur
1323 793 1364 827 in

184 845 444 883 frumentario
462 859 556 895 agro
573 852 642 882 aut
659 845 782 882 hortis
799 848 986 894 pratisve,
1003 848 1220 894 asperitate
1238 847 1362 881 etiam

185 903 355 936 vestium
370 903 515 936 tenaci.
571 899 708 935 efficax
725 905 863 935 contra
879 904 1085 948 serpentes
1101 901 1252 934 semine
1268 903 1365 947 poto

186 966 234 989 ex
273 956 363 989 vino
400 953 589 989 drachma
626 958 667 989 et
705 958 843 988 contra
881 951 1105 1001 phalangia.
1161 953 1362 1001 sanguinis

185 1006 473 1043 abundantiam
497 1019 546 1042 ex
570 1005 794 1042 volneribus
817 1007 1040 1054 reprimunt
1063 1004 1158 1041 folia
1179 1006 1364 1054 inposita,

185 1073 299 1096 sucus
319 1060 478 1096 auribus
496 1058 730 1095 infunditur.

118 1117 158 1148 33
234 1113 341 1149 XVI.
371 1114 536 1149 Arction
590 1112 711 1161 aliqui
764 1114 896 1161 potius
950 1117 1151 1148 arcturum
1205 1117 1359 1147 vocant.

186 1166 320 1203 similis
348 1173 408 1203 est
435 1167 622 1203 verbasco
648 1164 764 1207 foliis,
790 1168 863 1201 nisi
891 1164 997 1214 quod
1022 1164 1233 1201 hirsutiora
1259 1170 1366 1207 sunt,

186 1219 297 1256 caule
343 1219 475 1269 longo,
521 1219 646 1262 molli,
692 1221 843 1255 semine
889 1220 1047 1254 cumini.
1102 1220 1278 1254 nascitur
1322 1220 1362 1254 in

187 1276 369 1323 petrosis,
387 1273 520 1309 radice
539 1278 693 1314 tenera,
713 1272 803 1308 alba
821 1271 1019 1320 dulcique.
1073 1270 1310 1320 decoquitur
1327 1273 1367 1306 in

186 1329 276 1363 vino
307 1326 358 1363 ad
388 1326 571 1363 dentium
601 1325 779 1361 dolorem
812 1327 870 1361 ita
903 1331 949 1361 ut
982 1327 1235 1361 contineatur
1269 1323 1366 1360 ore.1

188 1379 398 1416 decoctum
432 1380 581 1415 bibitur
613 1385 777 1428 propter
810 1377 985 1414 ischiada
1014 1383 1056 1414 et
1085 1379 1362 1427 stranguriam.

188 1446 237 1469 ex
252 1436 343 1469 vino
359 1433 550 1469 ambustis
570 1435 774 1481 inponitur
791 1437 831 1468 et
852 1431 1119 1480 pernionibus.
1178 1429 1364 1467 foventur

188 1486 329 1523 eadem
348 1499 437 1523 cum
455 1485 587 1522 radice
606 1488 756 1522 semine
775 1487 871 1521 trito
889 1487 929 1520 in
946 1487 1049 1520 vino.

121 1544 161 1574 34
237 1539 366 1576 XVII.
397 1539 601 1589 Asplenon
626 1544 719 1575 sunt
743 1541 810 1587 qui
833 1537 1060 1574 hemionion
1086 1543 1242 1580 vocant,
1266 1535 1367 1573 foliis

188 1593 439 1630 trientalibus
474 1592 624 1635 multis,
659 1591 792 1628 radice
826 1591 979 1634 limosa,
1015 1603 1229 1627 cavernosa
1264 1592 1365 1627 sicut

238 1674 250 1692 1
273 1674 322 1704 ita
340 1677 379 1704 ut
397 1673 613 1704 contineatur
628 1682 685 1703 ore
704 1671 807 1711 vulqae
836 1674 875 1702 ut
893 1681 949 1702 ore
966 1671 1016 1702 ita
1035 1671 1250 1702 contineatur
1268 1669 1365 1710 May-

192 1716 279 1757 hoff:
309 1717 358 1747 ita
373 1716 444 1747 sine
459 1719 499 1746 ut
513 1714 603 1746 codd.

231 1829 465 1861 “Praecordia
490 1829 518 1860 is
543 1839 563 1860 a
588 1827 732 1859 difficult
757 1827 942 1859 word.1t
967 1837 1048 1867 may
1072 1837 1195 1858 mean:
1236 1827 1283 1867 (1)
1308 1826 1368 1857 the

188 1874 243 1905 dia
246 1873 401 1914 phragm,
425 1883 463 1903 or
485 1872 544 1903 ‘che
567 1872 682 1912 region
705 1871 778 1910 just
800 1871 910 1901 above
933 1871 978 1906 it;
1016 1871 1062 1908 (2)
1087 1870 1146 1901 the
1169 1873 1238 1901 two
1260 1869 1367 1910 hypo-

189 1917 369 1952 chondria;
400 1916 447 1955 (3)
465 1915 524 1946 the
542 1914 654 1950 chesn
686 1916 732 1953 (4)
751 1914 880 1945 viscera
895 1912 1077 1985 generally.
1124 1912 1214 1944 Here
1233 1913 1291 1952 (2),
1309 1912 1368 1943 the

190 1960 286 1990 usual
303 1959 471 1998 meaning,
488 1958 516 1988 is
532 1957 677 1998 perhaps
693 1960 729 1987 to
745 1956 787 1987 be
802 1955 974 2007 preferred
990 1959 1025 1986 to
1042 1956 1071 1995 (l
1081 1960 1102 1994 ).

231 2000 243 2019 b
266 2001 479 2032 Dioscorides
495 2000 549 2030 ῙΠ
567 2000 627 2031 90:
658 1997 860 2030 ὑπόκοιλον
844 2011 880 2030 εκ
895 1998 996 2037 μέσου
1013 1996 1058 2031 ὡς
1073 1996 1229 2037 ὀμφαλός.

233 2044 336 2075 cThe
361 2044 500 2083 reading
520 2053 629 2073 seems
650 2046 686 2073 to
708 2042 749 2073 be
771 2041 895 2072 settled
916 2041 962 2082 by
985 2041 999 2080 ἓ
1022 2041 1083 2072 108
1104 2040 1143 2071 of
1163 2040 1232 2072 this
1255 2040 1366 2072 book:

188 2088 351 2119 decoctum
376 2111 382 2118 .
409 2111 416 2117 .
443 2111 450 2118 .
474 2085 618 2117 ‘medetur
634 2085 690 2122 ita,
708 2088 743 2115 ut
758 2084 962 2115 contineatur
976 2094 1040 2115 ore.

190 2150 261 2193 408
