1459 2288
119 544 179 575 143

120 1133 180 1162 144

121 1603 179 1633 145

401 201 596 239 PLINY:
645 201 908 239 NATURAL
945 202 1182 240 HISTORY

247 305 410 341 CXVII.
440 305 512 341 Est
561 311 603 342 et
650 311 899 355 tragopogon
948 318 1067 355 quem
1125 305 1190 342 alii
1238 319 1377 343 comen

197 370 352 408 vocant,
380 363 492 400 caule
520 377 654 413 parvo,
682 363 784 400 foliis
812 366 926 408 croci,
954 364 1085 401 radice
1113 364 1232 414 longa
1259 364 1377 408 dulci,

196 436 314 472 super
341 422 495 459 caulem
522 422 642 459 calice
670 422 752 459 lato
780 425 903 472 nigro.
959 425 1132 460 nascit-ur
1157 425 1197 459 in
1226 426 1372 472 asperis

197 481 495 531 manditurque,
514 484 597 518 sine
617 495 701 518 usu.

251 540 435 576 CXVIII.
464 539 518 576 Et
558 539 608 576 de
648 539 779 576 herbis
821 539 983 589 quidem
1022 543 1213 577 memoria
1252 540 1374 591 digna

199 598 392 635 hactenus
414 601 637 648 accepimus
659 604 729 635 aut
750 601 1024 647 comperimus.
1079 601 1119 635 in
1141 598 1218 635 fine
1241 612 1377 636 earum

198 657 414 694 admonere
452 671 531 693 non
571 657 620 693 ab
658 670 700 693 re
738 657 956 693 iudicamus
990 657 1085 693 alias
1119 657 1203 694 aliis
1237 660 1376 695 virium

198 722 354 753 aetates
370 729 468 752 esse.
522 715 750 765 longissimo
764 721 945 765 tempore
959 715 1078 752 durat
1092 715 1316 760 elaterium,
1329 723 1375 753 ut

197 775 382 817 diximus,
424 774 681 811 chamaeleon
723 777 835 823 niger
875 786 922 812 XL
963 777 1089 817 annis,
1130 777 1379 811 centaurium

199 847 279 870 non
312 833 418 870 ultra
450 846 521 877 ΧΠ,
554 833 831 883 peucedanum
871 839 913 869 et
950 832 1201 870 aristolochia
1238 833 1289 870 ad
1326 846 1380 877 vl,

201 895 291 929 vitis
333 892 522 929 silvestris
564 905 682 935 anno,
723 894 763 928 in
805 892 946 928 umbra
987 894 1018 928 si
1059 897 1279 928 serventur.
1335 898 1379 929 et

198 951 429 988 animalium
450 950 613 1000 quidem
634 956 862 987 exterorum
883 950 1037 986 nullum
1058 950 1165 987 aliud
1185 950 1337 987 radices
1358 965 1381 988 a

199 1011 310 1047 nobis
333 1010 459 1047 dictas
483 1010 657 1059 adtingit
680 1015 851 1058 excepta
873 1009 1094 1059 sphondyle
1118 1022 1220 1058 quae
1244 1023 1379 1047 omnes

199 1072 463 1118 persequitur.
518 1081 644 1118 genus
663 1068 703 1105 id
722 1071 917 1117 serpentis
938 1074 1010 1105 est.

251 1127 393 1164 CXIX.
424 1127 484 1163 Ne
511 1127 611 1163 illud
639 1127 800 1177 quidem
828 1126 1048 1170 dubitatur,
1077 1129 1253 1163 omnium
1279 1127 1382 1164 radi-

199 1200 289 1223 cum
306 1189 385 1223 vim
403 1185 647 1235 effectusque
665 1188 801 1228 minui,
819 1188 849 1221 si
867 1184 1017 1222 fructus
1034 1188 1140 1234 prius
1159 1191 1376 1222 ematures-

200 1251 306 1289 cant,
322 1248 421 1282 item
438 1248 633 1282 seminum
651 1250 745 1281 ante
761 1244 894 1280 radice
911 1250 1075 1293 propter
1090 1257 1228 1280 sucum
1244 1246 1380 1288 incisa,

201 1304 410 1341 resolvitur
461 1310 597 1340 autem
648 1306 823 1339 omnium
875 1305 930 1339 vis
980 1302 1284 1346 consuetudine,
1335 1309 1378 1339 et

199 1363 387 1399 desinunt
418 1362 619 1411 prodesse,
650 1375 740 1398 cum
771 1375 868 1410 opus
901 1367 975 1404 est,
1007 1374 1110 1410 quae
1141 1361 1308 1398 cottidie
1338 1363 1378 1397 in

202 1435 274 1458 usu
300 1420 411 1458 fuere
440 1434 566 1470 aeque
595 1434 714 1470 quam
740 1433 894 1456 nocere.
950 1433 1086 1456 omnes
1113 1433 1205 1456 vero
1230 1419 1378 1456 herbae

201 1480 520 1516 vehementiores
539 1478 682 1516 effectu
701 1479 926 1528 viribusque
945 1484 1038 1515 sunt
1054 1481 1094 1514 in
1111 1477 1265 1528 frigidis
1284 1484 1326 1515 et
1341 1480 1381 1514 in

202 1539 409 1588 aquilonis,
427 1541 526 1575 item
545 1541 665 1574 siccis.

250 1598 370 1634 CXX.
401 1597 501 1634 Sunt
521 1603 562 1634 et
580 1599 761 1646 gentium
780 1595 1029 1632 differentiae
1048 1609 1127 1632 non
1145 1595 1379 1639 mediocres,

201 1660 302 1693 sicut
314 1659 524 1706 accipimus
536 1656 585 1692 de
598 1658 740 1692 taeniis
751 1655 1181 1705 lumb1·icisque,inesse
1190 1655 1382 1705 Aegypti,

202 1716 388 1758 Arabiae,
411 1714 561 1765 Syriae,
584 1714 742 1751 Ciliciae
765 1713 933 1763 populis,
956 1727 977 1750 e
1000 1713 1154 1750 diverso
1175 1713 1381 1756 Threciae,

202 1774 399 1824 Phrygiae
443 1776 602 1810 omnino
644 1786 723 1809 non
764 1775 925 1809 innasci.
986 1774 1114 1808 minus
1156 1771 1197 1808 id
1238 1775 1380 1808 mirum

202 1847 322 1883 quam
345 1832 451 1882 quod
472 1835 512 1868 in
533 1831 703 1868 confinio
724 1831 885 1868 Atticae
908 1836 950 1868 et
971 1830 1161 1867 Boeotiae
1182 1830 1381 1867 Thebanis

246 1941 260 1955 ‘²
284 1936 344 1967 See
361 1936 458 1966 Book
476 1935 545 1966 XX
562 1936 576 1974 ,ξ
591 1937 622 1966 5.

242 1978 255 1999 ⁶
278 1979 358 2010 This
377 1979 498 2019 phrase
515 1979 543 2009 is
560 1977 727 2019 probably
744 1988 787 2009 an
804 1977 1060 2018 interpolation,
1080 1987 1099 2007 a
1117 1975 1282 2018 marginal
1298 1980 1379 2008 note

201 2022 367 2096 adpegrt‘o
378 2021 550 2095 ggsselt’ext.

202 2127 274 2173 478
