1459 2288
125 851 167 881 80

125 1301 162 1331 81

396 102 591 139 PLINY:
637 103 900 141 NATURAL
933 102 1170 140 HISTORY

194 211 264 242 aut
297 206 532 242 torminibus
567 204 805 241 laborantes.
860 204 1033 241 hederae
1068 207 1206 254 nigrae
1240 205 1372 242 candi-

192 269 321 306 diores
363 269 538 319 corymbi
580 271 664 318 poti
706 268 860 305 steriles
902 271 1023 305 etiam
1066 271 1166 305 xii-os
1207 268 1369 306 faciunt.

193 333 370 370 inlinitur
431 333 596 369 decocta
658 345 934 382 quaecumque
996 335 1035 368 in
1098 334 1187 369 vino
1238 333 1371 369 omnil

194 397 369 434 ulcerum
419 399 571 447 generi,
622 399 777 433 etiamsi
827 396 1017 433 cacoethe
1067 399 1158 433 sint.
1213 396 1373 434 lacrima

192 461 366 498 hederae
407 461 614 510 psilotrum
657 467 718 497 est
757 460 1089 510 phthiriasimque
1130 460 1246 497 tollit.
1301 461 1371 498 flos

193 528 476 575 cuiuscumque
496 528 654 575 generis
675 528 796 561 trium
817 525 1033 575 digitorum
1054 530 1174 574 captu
1195 525 1371 575 dysinte-

194 593 292 626 ricos
314 595 355 626 et
375 590 505 626 alvum
523 592 642 626 citam
664 589 853 626 emendat
873 592 912 625 in
932 592 1022 625 vino
1043 594 1202 626 austero
1222 590 1280 626 bis
1307 590 1372 627 die

193 660 322 703 potus.
379 660 420 690 et
467 654 658 690 ambustis
708 653 885 690 inlinitur
931 653 1084 690 utiliter
1130 667 1218 689 cum
1267 667 1370 691 cera.

193 718 405 768 denigrant
431 718 615 767 capillum
641 719 828 768 corymbi.
884 718 1024 754 radicis
1049 731 1164 754 sucus
1190 720 1230 754 in
1256 727 1371 755 aceto

194 788 310 832 potus
333 788 470 819 contra
491 781 705 832 phalangia
726 782 900 831 prodest.
955 781 1071 818 huius
1094 795 1253 831 quoque
1275 782 1371 832 ligni

196 860 288 883 vaso
324 846 517 895 splenicos
552 847 738 882 bibentes
775 848 903 882 sanari
940 848 1108 882 invenio.
1164 852 1205 882 et
1241 849 1372 883 acinos

193 916 331 947 terunt
358 924 533 960 moxque
562 911 801 947 comburunt
832 916 873 946 et
902 913 959 946 ita
987 910 1158 946 inlinunt
1188 911 1372 947 ambusta

193 977 299 1024 prius
321 974 481 1024 perfusa
505 988 607 1024 aqua
629 974 768 1010 calida.
823 980 915 1011 sunt
939 979 981 1010 et
1003 976 1070 1023 qui
1092 974 1270 1011 incidant
1291 977 1372 1011 suci

193 1041 323 1089 gratia
357 1052 484 1088 eoque
520 1044 686 1075 utantur
720 1038 770 1075 ad
804 1038 947 1075 dentes
983 1051 1127 1082 erosos,
1162 1038 1371 1089 frangique

193 1103 371 1146 tradunt,
388 1105 575 1152 proximis
592 1116 682 1139 cera
698 1105 860 1139 munitis
877 1115 927 1139 ne
944 1102 1166 1139 laedantur.
1220 1106 1371 1152 gummi

193 1170 314 1204 etiam
332 1170 372 1203 in
388 1167 538 1203 hedera
556 1173 768 1216 quaerunt,
786 1180 905 1216 quam
925 1180 973 1203 ex
992 1172 1106 1203 aceto
1123 1167 1371 1204 utilissimam

192 1231 380 1268 dentibus
400 1234 653 1281 promittunt.

243 1295 432 1333 XLVIII.
463 1296 605 1332 Graeci
628 1298 753 1332 vicino
778 1295 967 1333 vocabulo
990 1295 1144 1332 cisthon
1167 1295 1371 1345 appellant

192 1359 377 1397 fruticem
417 1363 608 1397 maiorem
649 1360 802 1410 thymo,
843 1360 943 1396 foliis
984 1362 1112 1396 ocimi.
1166 1360 1246 1397 duo
1287 1363 1370 1397 eius

191 1438 339 1475 genera
354 1438 361 1461 :
393 1424 463 1461 flos
479 1424 654 1461 masculo
670 1437 866 1468 rosaceus,
882 1423 1056 1461 feminae
1073 1424 1196 1461 albus.
1251 1425 1369 1462 ambo

192 1495 357 1538 prosunt
387 1489 636 1539 dysintericis
668 1496 710 1525 et
739 1488 1000 1525 solutionibus
1031 1491 1178 1525 ventris
1207 1491 1249 1525 in
1279 1491 1368 1526 vino

193 1559 352 1590 austero
377 1555 500 1590 ternis
526 1553 660 1603 digitis
686 1552 780 1590 flore
806 1559 924 1602 capto
950 1558 991 1589 et
1016 1553 1196 1589 similiter
1219 1553 1278 1590 bis
1304 1553 1368 1590 die

192 1623 301 1667 poto,
319 1617 515 1654 ulceribus
533 1618 734 1654 veteribus
754 1623 794 1654 et
813 1618 1005 1654 ambustis
1023 1630 1112 1654 cum
1130 1630 1219 1654 cera
1239 1623 1280 1654 et
1296 1631 1368 1667 per

193 1695 234 1718 se
267 1684 342 1718 oris
375 1682 583 1719 ulceribus.
638 1682 711 1718 sub
743 1681 802 1718 his
833 1684 1007 1718 maxime
1040 1683 1214 1718 nascitur
1245 1681 1369 1732 hypo-

191 1745 339 1790 cisthis,
362 1759 480 1795 quam
503 1749 608 1782 inter
627 1746 771 1783 herbas
792 1746 980 1783 dicemus.

370 1848 382 1867 ¹
407 1849 498 1879 omni
515 1848 557 1879 Μ
559 1847 674 1888 ayhoff
688 1847 916 1888 (Appendix):
959 1847 1111 1879 omnium
1127 1847 1216 1878 codd.

607 1965 621 1979 ‘³
643 1962 704 1993 See
722 1961 852 1992 XXVI.
870 1962 884 2000 §
900 1962 952 1992 49.

193 2015 240 2052 60
