1459 2288
114 491 154 521 46

114 809 153 839 47

115 1192 154 1222 48

386 62 582 100 PLINY:
628 63 892 100 NATURAL
926 62 1162 100 HISTORY

178 172 334 209 tenues,
367 165 461 203 folia
500 178 633 215 parva,
675 168 822 215 asperis
862 164 967 209 locis,
1007 171 1165 202 austero
1205 179 1357 215 sapore,

179 243 396 279 numquam
446 228 668 272 florentem,
719 241 792 265 nec
843 228 976 278 quae1
1028 242 1165 265 semen
1214 232 1354 279 gignit.

178 294 362 330 medetur
400 293 584 336 lienibus,
622 299 860 342 constatque
900 295 953 329 sic
991 295 1216 329 inventam:
1269 307 1359 330 cum

180 364 273 394 exta
312 370 429 407 super
468 370 556 393 eam
595 359 774 406 proiecta
813 362 960 399 essent,
1001 356 1226 393 adhaesisse
1266 356 1358 393 lieni

181 434 351 470 eumque
389 423 623 457 exinanisse.
679 421 729 457 ob
765 420 806 456 id
843 433 865 456 a
902 420 1143 469 quibusdam
1180 420 1359 470 splenion

180 491 352 522 vocatur.
407 490 569 521 narrant
598 497 686 521 sues
717 486 784 534 qui
814 484 989 521 radicem
1019 487 1103 521 eius
1134 484 1247 521 edint
1275 487 1359 521 sine

179 548 315 598 splene
349 550 527 584 inveniri.
583 547 746 597 quidam
779 550 897 584 ramis
930 547 1071 598 hysopi
1104 547 1359 591 sumulosam,

180 612 272 649 folio
299 611 429 656 fabae,
457 612 598 648 eodem
625 614 784 648 nomine
812 611 1017 661 appellant
1045 617 1087 648 et
1113 611 1242 662 colligi
1270 625 1360 648 cum

180 676 320 713 floreat
341 675 633 712 iubent—adeo
657 675 796 712 florere
823 689 902 711 non
928 675 1360 712 dubitant—maxime-

181 753 258 790 que
279 753 328 776 ex
349 739 508 776 Ciliciae
531 746 572 776 et
593 737 762 776 Pisidiae
783 739 984 775 montibus
1005 738 1181 776 laudant.

230 803 340 840 XXI.
372 803 640 852 Melampodis
668 803 775 839 fama
804 803 1057 839 divinationis
1087 803 1237 840 artibus
1266 809 1362 840 nota

181 874 253 904 est.
309 868 358 903 ab
410 866 484 903 hoc
537 866 763 916 appellatur
815 880 939 902 unum
991 866 1182 903 hellebori
1235 880 1360 917 genus

182 930 487 980 melampodion.
542 930 664 980 aliqui
702 936 903 979 pastorem
937 929 1079 966 eodem
1113 933 1271 967 nomine
1303 934 1360 966 in-

182 997 333 1032 venisse
354 994 533 1037 tradunt,
555 1007 691 1043 capras
712 996 871 1043 purgari
892 999 1007 1043 pasto
1027 993 1095 1030 illo
1116 994 1362 1031 animadver-

180 1064 350 1101 tentem,
398 1057 574 1107 datoque
622 1057 726 1094 lacte
776 1070 912 1094 earum
954 1070 1112 1094 sanasse
1156 1057 1362 1095 Proetidas

181 1121 392 1159 furentes.2
445 1122 705 1171 quamobrem
736 1121 786 1158 de
818 1122 1001 1158 omnibus
1033 1124 1117 1158 eius
1147 1122 1361 1172 generibus

181 1187 257 1224 dici
287 1185 402 1222 simul
431 1188 627 1222 convenit.
682 1187 809 1234 prima
837 1185 915 1222 duo
943 1191 1048 1229 sunt,
1076 1185 1289 1222 candidum
1317 1199 1362 1222 ac

181 1253 349 1300 nigrum.
403 1249 476 1286 hoc
521 1249 718 1285 radicibus
763 1254 924 1285 tantum
969 1248 1151 1299 intellegi
1196 1249 1362 1286 tradunt

181 1314 373 1364 plerique,
403 1313 468 1350 alii
498 1312 591 1350 folia
621 1315 720 1362 nigri
751 1312 913 1362 platano
943 1312 1083 1349 similia
1112 1313 1182 1350 sed
1210 1315 1363 1350 minora

181 1381 431 1428 nigrioraque
466 1383 508 1414 et
540 1377 718 1426 pluribus
752 1377 932 1413 divisuris
965 1379 1096 1420 scissa,
1130 1377 1208 1414 albi
1241 1378 1361 1414 betae

182 1444 419 1492 incipientis,
445 1441 544 1478 haec
571 1454 730 1491 quoque
757 1443 928 1491 nigriora
956 1447 997 1478 et
1024 1441 1220 1478 canalium
1247 1441 1361 1478 dorso

235 1544 247 1562 1
272 1543 461 1580 florentem,
493 1552 554 1573 nec
591 1551 677 1582 quae
711 1541 874 1582 Detlessen
909 1551 982 1573 cum
1012 1552 1078 1572 uno
1112 1541 1202 1573 cod.:
1245 1542 1360 1573 florem

187 1596 296 1626 neque
313 1585 476 1626 Mayhoff.

232 1629 244 1648 ²
266 1629 432 1668 furentes]
447 1628 513 1660 Hie
530 1627 683 1659 lacunam
698 1627 823 1659 indicat
838 1627 1001 1668 Mayhoff.

227 1794 241 1808 ‘¹
256 1792 318 1823 See
333 1794 415 1822 note
431 1800 476 1821 on
492 1791 570 1830 §42

228 1831 241 1852 ¹²
263 1834 420 1875 Mayhoff
440 1843 604 1874 supposes
627 1832 706 1863 that
729 1831 826 1863 there
851 1832 879 1863 is
905 1842 926 1862 a.
949 1831 1071 1863 lacuna
1094 1831 1172 1863 here
1196 1832 1277 1863 with
1302 1832 1360 1864 the

186 1877 354 1918 following
375 1887 494 1908 sense:
531 1876 549 1888 “
565 1887 627 1907 our
649 1875 852 1906 authorities
873 1885 929 1906 are
949 1879 1011 1906 not
1031 1875 1153 1916 agreed
1175 1875 1281 1907 about
1302 1875 1360 1906 t-he

184 1920 381 1951 differences
397 1920 550 1951 between
565 1919 624 1950 the
640 1919 778 1949 various
792 1918 892 1949 kinds
907 1918 945 1949 of
956 1918 1158 1950 hellebore.”

186 1994 253 2030 170
