1459 2288
85 358 144 389 112

84 592 144 623 113

86 1061 143 1091 114

85 1355 144 1385 115

371 131 567 169 PLINY:
612 131 876 169 NATURAL
909 131 1145 169 HISTORY

173 236 293 273 dubio
332 234 405 272 hoc
444 236 603 271 nomine
642 236 756 283 spina
793 233 980 270 silvestris
1020 236 1058 270 in
1098 236 1266 278 oriente,
1307 239 1352 271 ut

174 295 358 337 diximus,
399 292 581 336 candida,
621 292 898 342 magnitudine
940 297 982 329 et
1022 292 1169 329 arboris
1210 295 1351 336 iustae,

170 352 336 402 (LXIX)
367 351 437 388 sed
467 357 509 387 et
537 350 671 387 frutex
706 350 903 394 humilior,
933 363 1061 400 aeque
1090 354 1282 400 spinosus,
1312 354 1351 388 in

176 411 318 461 Nisyro
327 410 342 434 1
354 416 396 447 et
408 409 651 447 Rhodiorum
665 409 813 453 insulis,
823 422 941 459 quem
955 409 1018 446 alii
1033 412 1351 461 erysisceptrum,

174 469 237 506 alii
271 468 510 519 sphagnon‚2
539 467 625 519 Syri
655 468 843 519 diaxylon
872 473 1027 505 vocant.
1082 470 1256 518 optimus
1286 471 1351 518 qui

173 531 336 565 minime
361 527 597 571 ferulaceus,
620 527 766 563 rubens
791 532 861 563 aut
883 529 923 562 in
946 540 1161 576 purpuram
1186 540 1352 577 vergens

171 587 354 624 detracto
393 588 552 623 cortice.
593 588 768 622 nascitur
806 585 983 634 pluribus
1020 585 1127 628 locis,
1166 585 1235 622 sed
1275 599 1353 622 non

174 646 322 695 ubique
353 645 553 682 odoratus.
609 657 729 693 quam
760 646 837 680 vim
868 643 1037 680 haberet
1068 643 1229 680 caelesti
1261 657 1353 680 arcu

174 707 214 740 in
240 717 331 740 eum
358 706 492 740 innixo
518 703 701 739 diximus.
756 709 871 739 sanat
896 708 1028 739 taetra
1054 705 1129 739 oris
1155 702 1287 739 ulcera
1312 708 1354 739 et

173 776 354 805 ozaenas,
396 761 589 811 genitalia
631 761 861 797 exulcerata
903 767 973 797 aut
1014 761 1352 805 carbunculantia,

173 824 270 858 item
286 821 490 871 rhagadia‚
506 820 729 856 inflationes
746 825 843 869 potu
860 820 1024 856 discutit
1040 825 1082 856 et
1097 822 1350 870 strangurias.

174 885 310 916 cortex
339 881 573 929 sanguinem
603 878 863 915 reddentibus
891 878 1087 915 medetur.
1143 878 1352 915 decoctum

174 941 257 975 eius
272 938 402 974 alvum
418 940 533 974 sistit.
589 937 727 974 similia
742 943 946 986 praestare
961 937 1180 973 silvestrem
1196 950 1353 987 quoque

173 1002 329 1047 putant.

220 1055 342 1092 LXX.
373 1055 494 1104 Spina
541 1060 601 1091 est
649 1054 849 1104 appendix
906 1054 1119 1104 appellata,
1168 1057 1353 1104 quoniam

174 1115 297 1151 bacae
335 1116 503 1164 puniceo
541 1113 670 1150 colore
708 1115 748 1149 in
786 1126 834 1149 ea
871 1113 1112 1162 appendices
1150 1119 1351 1150 vocantur.

174 1173 249 1209 hae
273 1173 419 1209 crudae
444 1186 514 1222 per
538 1185 580 1208 se
605 1178 647 1208 et
671 1172 805 1208 aridae
829 1174 870 1208 in
894 1174 984 1208 vino
1008 1172 1198 1208 decoctae
1223 1172 1354 1209 alvum

173 1235 294 1268 citam
333 1245 378 1268 ac
411 1233 583 1267 tormina
616 1236 871 1280 conpescunt.
927 1230 1197 1281 pyracanthae
1232 1231 1353 1268 bacae

174 1297 311 1327 contra
332 1292 579 1339 serpentium
600 1292 701 1326 ictus
723 1290 926 1326 bibuntur.

222 1349 367 1385 LXXI.
399 1347 579 1385 Paliurus
601 1361 760 1397 quoque
782 1350 919 1397 spinae
940 1361 1067 1398 genus
1089 1353 1161 1384 est.
1217 1361 1353 1385 semen

175 1410 258 1444 eius
281 1406 367 1444 Afri
391 1420 525 1443 zuram
549 1413 706 1450 vocant,
729 1412 868 1443 contra
890 1409 1114 1456 scorpiones
1138 1406 1352 1444 efficacissi-

174 1480 297 1509 mum,
311 1469 409 1502 item
424 1465 625 1502 calculosis
641 1471 682 1502 et
696 1468 806 1502 tussi.
862 1464 956 1502 folia
971 1465 1260 1502 adstrictoriam
1275 1468 1352 1502 vim

274 1561 285 1579 ¹
308 1561 375 1591 Hic
391 1560 460 1591 coll.
479 1560 590 1591 Diosc.
608 1560 707 1600 Syria
723 1559 797 1591 add.
822 1559 1055 1599 Warminqton.

271 1605 283 1623 ²
306 1604 498 1644 sphagnon]
521 1603 722 1644 phasganon
737 1603 932 1640 Pintianzzs,
950 1602 1114 1643 Mayhosf.

214 1691 311 1721 “See
326 1690 423 1721 Book
442 1689 523 1721 XII
540 1691 554 1729 ξ
574 1691 644 1721 llO.
693 1689 909 1720 Dioscorides
925 1689 966 1729 (Ι.
982 1690 1034 1725 20,
1046 1689 1252 1730 Wellmann)
1267 1689 1351 1720 has:

169 1733 365 1770 ἀσπάλαθος,
381 1732 411 1764 οἱ
427 1732 495 1764 δὲ’
479 1733 748 1785 ερυσίσκηπτρον,
764 1731 795 1763 οἱ
809 1731 844 1765 δὲ
860 1732 1016 1784 σφάγνον,
1033 1732 1129 1772 Σύροι
1148 1731 1183 1764 δὲ
1203 1732 1352 1771 διάξυλον

170 1776 312 1808 καλοῦσι.
361 1776 480 1816 θάμνος
497 1774 565 1807 ἐστι,
589 1800 596 1807 .
624 1774 890 1815 ..γεννώμενος
907 1773 941 1806 ἐν
957 1775 1089 1815 Νισύρῳ
1106 1788 1158 1806 και
1174 1775 1276 1816 Συρίᾳ
1299 1789 1350 1807 και

170 1822 209 1859 τῇ
238 1819 364 1859 Ῥοδίᾳ,
390 1819 416 1859 ᾧ
441 1821 581 1859 χρῶνται
607 1817 637 1849 οἱ
667 1817 801 1858 μυρεψοι
828 1817 872 1852 εἷς
899 1818 956 1852 τὰς
983 1820 1048 1849 τῶν
1075 1818 1184 1858 μύρων
1210 1818 1350 1859 στύψεις

170 1862 276 1892 There
304 1863 331 1892 is
359 1872 379 1892 a
408 1861 481 1892 well
512 1861 663 1892 attested
691 1861 830 1902 reading
861 1861 1025 1902 φάσγανον
1057 1860 1204 1900 (sworcl):
1248 1861 1352 1892 hence

170 1904 354 1945 Mayhoff's
368 1904 569 1945 phasyanon.
617 1904 832 1935 Dioscorides
845 1904 967 1945 speaks
979 1903 1052 1934 also
1066 1904 1104 1934 of
1117 1904 1263 1943 κύπερος·
1278 1903 1308 1934 οἱ
1319 1903 1353 1935 δὲ

171 1948 356 1979 ἀσπάλαθον
377 1947 526 1979 καλοῦσιν
547 1947 587 1985 (Ι.
609 1949 653 1986 4).

219 1990 230 2009 ¹²
254 1991 314 2022 See
336 1990 417 2021 XII.
440 1990 456 2030 ξ
476 1991 536 2021 110
557 1990 593 2020 in
613 1990 721 2021 eodem
743 1993 843 2020 tractu
864 1988 1056 2030 aspalathus
1076 1988 1231 2026 nascitur,
1253 1988 1351 2029 spina

175 2053 219 2088 82
