1459 2288
119 759 158 789 69

385 62 579 100 PLINY:
625 62 889 100 NATURAL
922 62 1158 100 HISTORY

184 166 402 203 secundum
429 165 560 203 fontes
588 168 775 208 nascitur,
803 167 965 215 origano
993 165 1134 208 simile,
1161 167 1361 214 angustio·

183 226 289 262 ribus
325 231 365 262 et
398 225 638 274 longioribus
672 223 789 267 foliis,
819 223 1007 273 anguloso
1041 223 1152 260 caule
1185 223 1361 273 palmum

184 284 279 327 alto,
316 282 560 326 fruticante,l
598 282 693 319 flore
735 282 942 333 lychnidis‚
984 282 1116 319 radice
1161 285 1272 319 tenui
1319 288 1360 318 et

183 356 439 392 supervacua,
466 355 558 378 suco
585 341 734 378 efficax.
787 344 873 390 ipsa
897 340 1022 378 herba
1048 347 1240 377 autumno
1265 340 1361 391 legi-

183 407 261 445 tur,
288 414 402 437 sucus
429 414 450 437 e
476 399 627 437 fronde.
683 399 845 449 quidam
871 399 1002 436 caules
1029 402 1202 436 concisos
1227 399 1362 436 made-

184 459 335 496 faciunt
382 460 521 496 diebus
568 471 666 495 xvm
714 465 836 508 atque
886 460 943 495 ita
994 461 1234 508 exprimunt.
1287 457 1362 495 hoc

183 521 432 555 centaurium
461 520 583 554 nostri
613 516 667 554 fel
696 523 827 554 terrae
858 523 1000 553 vocant
1029 523 1192 566 propter
1222 519 1362 553 amari-

184 577 365 614 tudinem
402 590 611 620 summam,
649 575 754 613 Galli
792 589 971 618 exaeum,
1009 578 1195 625 quoniam
1231 578 1363 612 omnia

183 635 287 672 mala
328 636 622 673 medicamenta
663 641 804 685 potum
846 647 868 671 e
909 647 1071 684 corpore
1115 636 1251 684 exigat
1292 647 1362 684 per

185 695 328 731 alvum.

234 753 405 789 XXXII.
434 753 569 789 Tertia
595 758 656 789 est
682 754 881 789 centauris
907 754 1143 802 cognomine
1168 751 1360 788 triorchis.

184 815 251 862 qui
273 825 360 849 eam
382 818 490 848 secat
511 825 642 848 rarum
664 817 724 848 est
745 817 790 848 ut
811 824 889 847 non
910 810 1092 847 vulneret
1112 823 1210 847 sese.
1263 810 1363 847 haec

185 885 320 907 sucum
363 873 627 920 sanguineum
668 872 806 906 mittit.
860 869 1157 918 Theophrastus
1199 867 1363 906 defendi

185 944 274 967 eam
323 932 613 980 inpugnarique
663 928 898 978 colligentes
948 928 1072 965 tradit
1122 941 1145 964 a
1193 927 1362 964 triorche

185 991 415 1038 accipitrum
438 1001 599 1038 genere,
622 987 729 1024 unde
752 993 793 1023 et
816 1000 961 1023 nomen
984 989 1148 1036 accepit.
1202 988 1363 1036 inperiti

184 1047 432 1084 confundunt
451 1047 550 1083 haec
570 1048 702 1083 omnia
722 1052 763 1083 et
782 1048 908 1096 primo
928 1048 1064 1095 generi
1086 1045 1307 1096 adsignant.

233 1106 426 1143 XXXIII.
456 1106 670 1156 Clymenus
708 1118 731 1141 a
766 1117 861 1154 rege
898 1104 1021 1141 herba
1058 1104 1260 1154 appellata
1288 1109 1362 1148 est,

184 1165 356 1202 hederae
370 1163 780 1208 foliis,ramosa,caule
795 1166 902 1200 inani
919 1163 1091 1200 articulis
1105 1163 1363 1212 praecincto?

185 1224 304 1261 odore
328 1226 438 1274 gravi
464 1229 505 1260 et
530 1226 681 1260 semine
705 1222 893 1265 hederae,
918 1222 1162 1259 silvestribus
1187 1228 1229 1259 et
1253 1236 1362 1259 mon-

184 1286 306 1320 tuosis
331 1295 507 1319 nascens.
563 1283 707 1331 quibus
732 1282 879 1318 morbis
903 1287 999 1330 pota
1024 1281 1234 1317 medeatur
1258 1281 1362 1318 dice-

184 1355 284 1385 mus,
307 1342 377 1378 sed
398 1341 461 1378 hic
483 1341 740 1377 indicandum
763 1346 837 1383 est,
860 1339 955 1376 dum
978 1339 1200 1383 medeatur,
1223 1339 1363 1376 sterili—

184 1407 313 1438 tatem
342 1406 438 1450 pota
469 1402 591 1437 etiam
620 1401 710 1435 viris
741 1398 836 1435 fieri.
893 1398 1034 1435 Graeci
1063 1398 1285 1449 plantagini
1314 1400 1362 1434 si-

184 1459 319 1496 milem
347 1472 432 1496 esse
460 1459 661 1502 dixerunt,
689 1457 801 1494 caule
829 1457 1037 1507 quadrato,
1065 1456 1245 1494 folliculis
1272 1471 1361 1494 cum

184 1521 334 1555 semine
364 1520 469 1555 inter
502 1531 544 1554 se
579 1517 748 1567 inplexis
779 1515 931 1553 veluti3
968 1515 1205 1566 polyporum
1241 1518 1360 1552 cirris.

185 1583 227 1614 et
246 1591 360 1614 sucus
381 1582 517 1613 autem
536 1579 577 1613 in
596 1590 682 1619 usu,
702 1578 738 1612 vi
759 1589 913 1612 summa
932 1578 973 1612 in
993 1574 1274 1625 refrigerando.

236 1655 247 1673 1
272 1653 457 1684 fruticante
476 1653 603 1684 Gelenii
621 1653 718 1684 editio
740 1652 951 1690 Basileensis,
970 1651 1154 1692 Detlessen:
1186 1651 1360 1684 fruticanti

191 1696 275 1738 ναῖς.
292 1708 299 1727 :
340 1697 544 1727 fruticosum
561 1695 720 1736 Jlayhoff
729 1707 736 1726 :
760 1695 923 1726 fruticum
938 1699 995 1725 aut
1010 1695 1199 1725 fruticantu
1214 1695 1302 1726 codd.

238 1741 250 1758 2
272 1741 466 1780 praecincto
483 1739 566 1770 coni.
585 1738 741 1779 Maylzoff
753 1750 760 1769 :
789 1739 982 1779 praecincta
998 1737 1086 1768 codd.
1104 1741 1132 1768 et
1147 1737 1215 1769 edd.

235 1783 248 1801 ³
272 1782 380 1814 veluti
404 1786 461 1813 vet.
488 1782 577 1819 Dal.5
605 1781 713 1821 Silliy,
741 1781 896 1821 Maylzoff
908 1793 914 1811 :
954 1780 1049 1812 velut
1074 1781 1109 1811 in
1135 1780 1236 1819 codd„
1262 1781 1359 1822 vulq„

192 1825 211 1856 I
214 1836 311 1863 anus,
327 1825 500 1865 Detlefsen.

208 1988 254 2025 86
493 1945 507 1959 ‘³
531 1940 784 1982 Theophrastus
799 1940 886 1971 H.P.
915 1939 980 1971 IX.
998 1941 1027 1977 8,
1046 1941 1074 1972 7.

187 2000 203 2024 I
