1459 2288
58 647 118 678 143

60 1128 118 1158 144

343 164 538 202 PLINY:
584 165 848 202 NATURAL
881 164 1119 202 HISTORY

143 269 301 311 discuti,
321 270 523 304 cicatrices
545 269 768 311 extenuari,
789 267 996 318 albugines
1017 267 1179 316 quidem
1200 270 1321 304 etiam

143 325 411 359 iumentorum
438 321 656 357 sideritide.
712 334 803 357 nam
824 320 1049 357 chelidonia
1069 334 1187 370 supra
1207 321 1322 358 dictis

143 376 325 412 omnibus
337 377 436 411 mire
448 374 645 411 medetur.
701 377 860 423 panacis
873 375 1047 411 radicem
1059 387 1149 411 cum
1160 374 1323 424 polenta

145 428 343 478 epiphoris
384 431 593 477 inponunt.
648 427 877 478 hyoscyami
919 441 1057 464 semen
1098 434 1139 464 et
1179 429 1324 465 bibunt

144 482 274 525 obolo,
308 481 550 518 tantundem
584 484 753 517 meconii
783 481 1002 518 adicientes
1030 484 1247 531 vinumque
1272 481 1321 518 ad

145 535 354 585 epiphoras
369 534 619 571 inhibendas.
674 537 873 585 inungunt
891 541 931 571 et
952 537 1166 584 gentianae
1187 548 1323 572 sucum

145 602 265 638 quem
318 588 488 638 collyriis
543 601 702 637 quoque
757 589 969 625 acrioribus
1022 602 1092 637 pro
1145 591 1324 625 meconio

146 645 326 678 miscent.
382 641 479 678 facit
507 641 733 678 claritatem
764 647 805 678 et
835 641 1110 691 euphorbeum
1138 644 1322 678 inunctis.

145 695 362 732 instillatur
400 695 643 744 plantaginis
684 708 798 731 sucus
839 695 1081 744 lippitudini.
1136 695 1325 745 caligines

146 748 397 785 aristolochia
424 748 602 791 discutit,
630 747 776 784 hiberis
805 748 1022 798 adalligata
1049 750 1184 797 capiti,
1213 751 1326 798 quin-

147 801 378 851 quefolium.
434 801 644 850 epiphoras
671 807 713 837 et
737 804 767 837 si
795 815 872 851 qua
897 804 937 837 in
963 801 1085 838 oculis
1111 804 1207 838 vitia
1231 807 1325 838 sunt

148 855 338 891 emendat
352 855 597 891 verbascum.
654 854 852 904 epiphoris
867 857 1072 904 inponitur
1085 857 1324 904 peristereos

147 921 196 945 ex
227 921 386 945 rosaceo
417 908 479 944 vel
509 914 635 944 aceto.
692 908 742 944 ad
771 907 1010 958 hypochysis
1041 914 1083 945 et
1112 908 1325 958 caliginem

146 961 382 1012 cyclaminil
417 961 596 1010 pastillos
629 961 802 1004 diluunt,
837 961 1058 1010 peucedani
1096 974 1247 1005 sucum,
1281 967 1327 998 ut

146 1015 332 1058 diximus,
359 1014 408 1051 ad
433 1014 658 1051 claritatem
684 1020 726 1051 et
750 1014 939 1064 caligines
964 1028 1054 1050 eum
1078 1017 1259 1052 meconio
1284 1020 1326 1052 et

146 1081 319 1105 rosaceo.
375 1067 544 1117 psyllion
561 1068 720 1104 inlitum
737 1067 857 1104 fronti
876 1067 1086 1117 epiphoras
1104 1068 1324 1118 suspendit.

195 1121 322 1158 XCII.
353 1121 595 1171 Anagallida
643 1121 763 1171 aliqui
814 1134 956 1158 acoron
973 1121 988 1144 ²
1036 1127 1191 1158 vocant.
1246 1121 1326 1158 duo

146 1188 296 1225 genera
321 1177 427 1211 eius:
466 1188 550 1211 mas
575 1174 671 1211 flore
695 1174 929 1224 phoeniceo,
954 1174 1104 1211 femina
1127 1175 1324 1218 caeruleo,

146 1242 225 1265 non
266 1228 425 1264 altiores
466 1228 612 1277 palmo,
653 1227 796 1264 frutice
837 1234 991 1271 tenero,
1032 1227 1135 1265 foliis
1175 1228 1327 1278 pusillis

147 1281 342 1325 rotundis,
362 1284 402 1318 in
423 1287 531 1318 terra
551 1282 786 1318 iacentibus.
841 1287 1059 1318 nascuntur
1079 1284 1119 1318 in
1139 1281 1264 1318 hortis
1286 1287 1327 1318 et

148 1337 316 1385 aquosis.
372 1337 477 1385 prior
530 1334 646 1371 floret
699 1335 894 1371 caerulea.
950 1337 1157 1384 utriusque
1212 1348 1326 1371 sucus

147 1388 349 1426 oculorum
383 1388 593 1438 caliginem
627 1388 791 1425 discutit
824 1402 914 1425 cum
947 1388 1066 1425 melle
1101 1394 1143 1425 et
1169 1401 1218 1424 ex
1246 1391 1326 1425 ictu

200 1499 211 1517 ¹
229 1497 409 1539 cyclamini
425 1498 448 1529 d
464 1498 503 1536 T,
519 1497 560 1528 M
563 1498 678 1539 ayhoff
686 1510 692 1529 :
719 1498 906 1538 cyclamem‘
922 1497 951 1528 V
968 1497 1018 1529 R:
1044 1498 1218 1538 cyclamen
1235 1497 1270 1528 in
1286 1497 1326 1534 E,

154 1541 360 1616 Βρέῖἵέἓῗὸη
376 1583 404 1614 Ε
423 1583 517 1623 vulg„
534 1583 708 1624 Detlessen,
725 1583 882 1624 Mayhoff
894 1595 901 1614 ε
931 1582 1115 1614 corchoron
1130 1582 1328 1614 Hermolaus

157 1627 324 1659 Barbarus
340 1637 355 1658 e
371 1626 571 1658 Dioscorida.

189 1820 204 1836 ⁰
227 1817 298 1848 The
314 1816 448 1848 Plinian
465 1826 523 1847 use
540 1816 578 1847 of
589 1826 669 1847 nam
686 1830 719 1842 =
737 1815 803 1846 sed.

191 1857 204 1878 ι’
226 1860 266 1891 In
289 1860 357 1891 this
378 1863 456 1900 part
478 1859 516 1890 of
536 1859 594 1890 the
615 1863 691 1890 text,
712 1859 770 1890 the
792 1859 1016 1899 punctuation
1039 1858 1077 1890 of
1094 1857 1249 1899 Mayhoff
1267 1857 1328 1889 has

153 1914 231 1934 oeen
247 1903 406 1944 adopted.

191 1950 202 1963 ⁶
225 1945 440 1985 Hypochysis
456 1945 484 1975 is
502 1955 521 1975 a
537 1943 647 1975 Greek
663 1944 859 1975 accusative
876 1944 997 1984 plural.

182 1986 204 2015 »⁴¹
226 1989 254 2018 A
271 1988 356 2019 verb
378 1997 487 2019 seems
510 1991 548 2019 to
573 1987 615 2019 be
638 1987 778 2028 missing
802 1986 891 2018 here.
937 1985 1097 2026 Mayhoff
1118 1989 1273 2024 suggests
1296 1989 1325 2015 et

148 2030 311 2062 inlinunt.

147 2092 217 2140 236
