<?xml version="1.0" encoding="UTF-8"?>
<!DOCTYPE html PUBLIC "-//W3C//DTD XHTML 1.0 Transitional//EN"
    "http://www.w3.org/TR/xhtml1/DTD/xhtml1-transitional.dtd">
<html xmlns="http://www.w3.org/1999/xhtml" xml:lang="en" lang="en">
 <head>
  <title>
</title>
<meta http-equiv="Content-Type" content="text/html;charset=utf-8" />
  <meta name='ocr-system' content='tesseract 3.04.00' />
  <meta name='ocr-capabilities' content='ocr_page ocr_carea ocr_par ocr_line ocrx_word'/>
</head>
<body>
  <div class='ocr_page' id='page_1' title='image "./naturalhistory07plinuoft_0306.png"; bbox 0 0 1459 2288; ppageno 0'>
   <div class='ocr_carea' id='block_1_1' title="bbox 98 457 139 487">
    <p class='ocr_par' dir='ltr' id='par_1_1' title="bbox 98 457 139 487">
     <span class='ocr_line' id='line_1_1' title="bbox 98 457 139 487; baseline 0 0"><span class='ocrx_word' id='word_1_1' title='bbox 98 457 139 487; x_wconf 83' lang='lat'>29</span> 
     </span>
    </p>
   </div>
   <div class='ocr_carea' id='block_1_2' title="bbox 99 868 139 898">
    <p class='ocr_par' dir='ltr' id='par_1_2' title="bbox 99 868 139 898">
     <span class='ocr_line' id='line_1_2' title="bbox 99 868 139 898; baseline 0 0"><span class='ocrx_word' id='word_1_2' title='bbox 99 868 139 898; x_wconf 87' lang='grc'>30</span> 
     </span>
    </p>
   </div>
   <div class='ocr_carea' id='block_1_3' title="bbox 97 1456 134 1487">
    <p class='ocr_par' dir='ltr' id='par_1_3' title="bbox 97 1456 134 1487">
     <span class='ocr_line' id='line_1_3' title="bbox 97 1456 134 1487; baseline -0.027 0"><span class='ocrx_word' id='word_1_3' title='bbox 97 1456 134 1487; x_wconf 91' lang='grc'>31</span> 
     </span>
    </p>
   </div>
   <div class='ocr_carea' id='block_1_4' title="bbox 367 171 1140 211">
    <p class='ocr_par' dir='ltr' id='par_1_4' title="bbox 367 171 1140 211">
     <span class='ocr_line' id='line_1_4' title="bbox 367 171 1140 211; baseline 0.004 -3"><span class='ocrx_word' id='word_1_4' title='bbox 367 171 561 209; x_wconf 87' lang='lat' dir='ltr'>PLINY:</span> <span class='ocrx_word' id='word_1_5' title='bbox 607 173 870 210; x_wconf 89' lang='lat' dir='ltr'><strong>NATURAL</strong></span> <span class='ocrx_word' id='word_1_6' title='bbox 904 173 1140 211; x_wconf 87' lang='lat' dir='ltr'>HISTORY</span> 
     </span>
    </p>
   </div>
   <div class='ocr_carea' id='block_1_5' title="bbox 162 276 1343 1619">
    <p class='ocr_par' dir='ltr' id='par_1_5' title="bbox 164 276 1343 855">
     <span class='ocr_line' id='line_1_5' title="bbox 165 276 1341 328; baseline 0.003 -15"><span class='ocrx_word' id='word_1_7' title='bbox 165 280 263 313; x_wconf 90' lang='lat' dir='ltr'>tussi</span> <span class='ocrx_word' id='word_1_8' title='bbox 279 277 463 320; x_wconf 79' lang='lat' dir='ltr'>daucum,</span> <span class='ocrx_word' id='word_1_9' title='bbox 480 280 578 314; x_wconf 91' lang='lat' dir='ltr'>item</span> <span class='ocrx_word' id='word_1_10' title='bbox 595 276 780 328; x_wconf 88' lang='lat' dir='ltr'>Scythica</span> <span class='ocrx_word' id='word_1_11' title='bbox 795 277 941 321; x_wconf 83' lang='lat' dir='ltr'>herba3</span> <span class='ocrx_word' id='word_1_12' title='bbox 972 278 1113 315; x_wconf 83' lang='lat' dir='ltr'>eadem</span> <span class='ocrx_word' id='word_1_13' title='bbox 1128 278 1142 301; x_wconf 83' lang='lat'>1</span> <span class='ocrx_word' id='word_1_14' title='bbox 1160 280 1341 316; x_wconf 89' lang='lat' dir='ltr'>omnibus</span> 
     </span>
     <span class='ocr_line' id='line_1_6' title="bbox 164 336 1342 385; baseline 0.003 -14"><span class='ocrx_word' id='word_1_15' title='bbox 164 338 335 385; x_wconf 87' lang='lat' dir='ltr'>pectoris</span> <span class='ocrx_word' id='word_1_16' title='bbox 386 338 501 372; x_wconf 80' lang='lat' dir='ltr'>vitiis.</span> <span class='ocrx_word' id='word_1_17' title='bbox 557 339 654 372; x_wconf 88' lang='lat' dir='ltr'>tussi</span> <span class='ocrx_word' id='word_1_18' title='bbox 706 342 748 372; x_wconf 88' lang='lat' dir='ltr'>et</span> <span class='ocrx_word' id='word_1_19' title='bbox 798 336 1012 385; x_wconf 84' lang='lat' dir='ltr'>purulenta</span> <span class='ocrx_word' id='word_1_20' title='bbox 1064 338 1342 375; x_wconf 77' lang='lat' dir='ltr'>excreantibus</span> 
     </span>
     <span class='ocr_line' id='line_1_7' title="bbox 167 394 1343 443; baseline 0.003 -13"><span class='ocrx_word' id='word_1_21' title='bbox 167 394 290 430; x_wconf 89' lang='lat' dir='ltr'>obolis</span> <span class='ocrx_word' id='word_1_22' title='bbox 319 394 444 430; x_wconf 90' lang='lat' dir='ltr'>tribus</span> <span class='ocrx_word' id='word_1_23' title='bbox 472 397 513 430; x_wconf 90' lang='lat' dir='ltr'>in</span> <span class='ocrx_word' id='word_1_24' title='bbox 541 397 643 443; x_wconf 87' lang='lat' dir='ltr'>passi</span> <span class='ocrx_word' id='word_1_25' title='bbox 671 394 857 438; x_wconf 88' lang='lat' dir='ltr'>totidem,</span> <span class='ocrx_word' id='word_1_26' title='bbox 885 396 1117 432; x_wconf 83' lang='lat' dir='ltr'>verbascum</span> <span class='ocrx_word' id='word_1_27' title='bbox 1144 399 1252 432; x_wconf 85' lang='lat' dir='ltr'>cuius</span> <span class='ocrx_word' id='word_1_28' title='bbox 1282 402 1343 434; x_wconf 83' lang='lat' dir='ltr'>est</span> 
     </span>
     <span class='ocr_line' id='line_1_8' title="bbox 167 452 1341 491; baseline 0.003 -3"><span class='ocrx_word' id='word_1_29' title='bbox 167 452 235 489; x_wconf 89' lang='lat' dir='ltr'>flos</span> <span class='ocrx_word' id='word_1_30' title='bbox 266 466 419 489; x_wconf 85' lang='lat' dir='ltr'>aureus.</span> <span class='ocrx_word' id='word_1_31' title='bbox 474 452 565 489; x_wconf 92' lang='lat' dir='ltr'>huic</span> <span class='ocrx_word' id='word_1_32' title='bbox 594 459 709 490; x_wconf 84' lang='lat' dir='ltr'>tanta</span> <span class='ocrx_word' id='word_1_33' title='bbox 738 456 793 489; x_wconf 76' lang='lat' dir='ltr'>vis</span> <span class='ocrx_word' id='word_1_34' title='bbox 823 459 868 490; x_wconf 81' lang='lat' dir='ltr'>ut</span> <span class='ocrx_word' id='word_1_35' title='bbox 896 456 1084 491; x_wconf 88' lang='lat' dir='ltr'>iumentis</span> <span class='ocrx_word' id='word_1_36' title='bbox 1114 457 1236 491; x_wconf 86' lang='lat' dir='ltr'>etiam</span> <span class='ocrx_word' id='word_1_37' title='bbox 1264 469 1341 491; x_wconf 93' lang='lat' dir='ltr'>non</span> 
     </span>
     <span class='ocr_line' id='line_1_9' title="bbox 166 511 1341 562; baseline 0.003 -15"><span class='ocrx_word' id='word_1_38' title='bbox 166 512 427 547; x_wconf 72' lang='lat' dir='ltr'>tussientibus</span> <span class='ocrx_word' id='word_1_39' title='bbox 478 512 596 548; x_wconf 92' lang='lat' dir='ltr'>modo</span> <span class='ocrx_word' id='word_1_40' title='bbox 646 511 716 548; x_wconf 89' lang='lat' dir='ltr'>sed</span> <span class='ocrx_word' id='word_1_41' title='bbox 765 511 832 548; x_wconf 89' lang='lat' dir='ltr'>ilia</span> <span class='ocrx_word' id='word_1_42' title='bbox 881 525 1039 562; x_wconf 88' lang='lat' dir='ltr'>quoque</span> <span class='ocrx_word' id='word_1_43' title='bbox 1089 512 1341 550; x_wconf 80' lang='lat' dir='ltr'>trahentibus</span> 
     </span>
     <span class='ocr_line' id='line_1_10' title="bbox 167 570 1341 621; baseline 0.002 -15"><span class='ocrx_word' id='word_1_44' title='bbox 167 570 380 606; x_wconf 78' lang='lat' dir='ltr'>auxilietur</span> <span class='ocrx_word' id='word_1_45' title='bbox 402 576 513 619; x_wconf 84' lang='lat' dir='ltr'>potu,</span> <span class='ocrx_word' id='word_1_46' title='bbox 537 570 642 620; x_wconf 88' lang='lat' dir='ltr'>quod</span> <span class='ocrx_word' id='word_1_47' title='bbox 665 576 706 607; x_wconf 83' lang='lat' dir='ltr'>et</span> <span class='ocrx_word' id='word_1_48' title='bbox 728 570 777 607; x_wconf 92' lang='lat' dir='ltr'>de</span> <span class='ocrx_word' id='word_1_49' title='bbox 800 574 991 621; x_wconf 85' lang='lat' dir='ltr'>gentiana</span> <span class='ocrx_word' id='word_1_50' title='bbox 1010 574 1176 620; x_wconf 89' lang='lat' dir='ltr'>reperio.</span> <span class='ocrx_word' id='word_1_51' title='bbox 1230 572 1341 609; x_wconf 80' lang='lat' dir='ltr'>radix</span> 
     </span>
     <span class='ocr_line' id='line_1_11' title="bbox 166 628 1341 667; baseline 0.002 -2"><span class='ocrx_word' id='word_1_52' title='bbox 166 628 357 665; x_wconf 88' lang='lat' dir='ltr'>caccaliae</span> <span class='ocrx_word' id='word_1_53' title='bbox 391 629 722 666; x_wconf 87' lang='lat' dir='ltr'>commanducata</span> <span class='ocrx_word' id='word_1_54' title='bbox 751 635 793 666; x_wconf 87' lang='lat' dir='ltr'>et</span> <span class='ocrx_word' id='word_1_55' title='bbox 822 632 862 665; x_wconf 92' lang='lat' dir='ltr'>in</span> <span class='ocrx_word' id='word_1_56' title='bbox 892 632 981 666; x_wconf 83' lang='lat' dir='ltr'>vino</span> <span class='ocrx_word' id='word_1_57' title='bbox 1010 629 1236 667; x_wconf 87' lang='lat' dir='ltr'>madefacta</span> <span class='ocrx_word' id='word_1_58' title='bbox 1263 644 1341 667; x_wconf 92' lang='lat' dir='ltr'>non</span> 
     </span>
     <span class='ocr_line' id='line_1_12' title="bbox 165 687 1341 739; baseline 0.002 -16"><span class='ocrx_word' id='word_1_59' title='bbox 165 690 263 723; x_wconf 88' lang='lat' dir='ltr'>tussi</span> <span class='ocrx_word' id='word_1_60' title='bbox 288 693 448 724; x_wconf 87' lang='lat' dir='ltr'>tantum</span> <span class='ocrx_word' id='word_1_61' title='bbox 473 687 542 724; x_wconf 90' lang='lat' dir='ltr'>sed</span> <span class='ocrx_word' id='word_1_62' title='bbox 569 694 610 724; x_wconf 87' lang='lat' dir='ltr'>et</span> <span class='ocrx_word' id='word_1_63' title='bbox 635 687 813 724; x_wconf 86' lang='lat' dir='ltr'>faucibus</span> <span class='ocrx_word' id='word_1_64' title='bbox 838 688 1012 738; x_wconf 83' lang='lat' dir='ltr'>prodest.</span> <span class='ocrx_word' id='word_1_65' title='bbox 1067 688 1206 739; x_wconf 88' lang='lat' dir='ltr'>hysopi</span> <span class='ocrx_word' id='word_1_66' title='bbox 1231 692 1341 739; x_wconf 93' lang='lat' dir='ltr'>quin-</span> 
     </span>
     <span class='ocr_line' id='line_1_13' title="bbox 166 746 1341 795; baseline 0.002 -13"><span class='ocrx_word' id='word_1_67' title='bbox 166 760 243 795; x_wconf 89' lang='lat' dir='ltr'>que</span> <span class='ocrx_word' id='word_1_68' title='bbox 273 749 370 782; x_wconf 84' lang='lat' dir='ltr'>rami</span> <span class='ocrx_word' id='word_1_69' title='bbox 401 760 491 782; x_wconf 89' lang='lat' dir='ltr'>cum</span> <span class='ocrx_word' id='word_1_70' title='bbox 521 746 676 783; x_wconf 89' lang='lat' dir='ltr'>duobus</span> <span class='ocrx_word' id='word_1_71' title='bbox 705 752 820 783; x_wconf 88' lang='lat' dir='ltr'>rutae</span> <span class='ocrx_word' id='word_1_72' title='bbox 851 753 893 783; x_wconf 83' lang='lat' dir='ltr'>et</span> <span class='ocrx_word' id='word_1_73' title='bbox 923 747 1002 784; x_wconf 89' lang='lat' dir='ltr'>ficis</span> <span class='ocrx_word' id='word_1_74' title='bbox 1033 748 1159 784; x_wconf 88' lang='lat' dir='ltr'>tribus</span> <span class='ocrx_word' id='word_1_75' title='bbox 1189 747 1341 785; x_wconf 84' lang='lat' dir='ltr'>decocti</span> 
     </span>
     <span class='ocr_line' id='line_1_14' title="bbox 164 804 918 855; baseline 0.001 -14"><span class='ocrx_word' id='word_1_76' title='bbox 164 804 368 842; x_wconf 79' lang='lat' dir='ltr'>thoracem</span> <span class='ocrx_word' id='word_1_77' title='bbox 392 812 579 855; x_wconf 83' lang='lat' dir='ltr'>purgant,</span> <span class='ocrx_word' id='word_1_78' title='bbox 602 808 741 842; x_wconf 87' lang='lat' dir='ltr'>tussim</span> <span class='ocrx_word' id='word_1_79' title='bbox 764 805 918 842; x_wconf 80' lang='lat' dir='ltr'>sedant.</span> 
     </span>
    </p>

    <p class='ocr_par' dir='ltr' id='par_1_6' title="bbox 162 864 1342 1443">
     <span class='ocr_line' id='line_1_15' title="bbox 216 864 1342 915; baseline 0.001 -15"><span class='ocrx_word' id='word_1_80' title='bbox 216 864 323 900; x_wconf 72' lang='lat' dir='ltr'><strong>XVI.</strong></span> <span class='ocrx_word' id='word_1_81' title='bbox 352 864 525 900; x_wconf 89' lang='lat' dir='ltr'>Bechion</span> <span class='ocrx_word' id='word_1_82' title='bbox 547 864 737 914; x_wconf 84' lang='lat' dir='ltr'>tussilago</span> <span class='ocrx_word' id='word_1_83' title='bbox 758 864 912 901; x_wconf 86' lang='lat' dir='ltr'>dicitur.</span> <span class='ocrx_word' id='word_1_84' title='bbox 967 864 1047 901; x_wconf 93' lang='lat' dir='ltr'>duo</span> <span class='ocrx_word' id='word_1_85' title='bbox 1068 867 1151 901; x_wconf 90' lang='lat' dir='ltr'>eius</span> <span class='ocrx_word' id='word_1_86' title='bbox 1171 878 1342 915; x_wconf 85' lang='lat' dir='ltr'>genera:</span> 
     </span>
     <span class='ocr_line' id='line_1_16' title="bbox 164 922 1342 972; baseline 0.002 -14"><span class='ocrx_word' id='word_1_87' title='bbox 164 922 352 959; x_wconf 73' lang='lat' dir='ltr'>silvestris</span> <span class='ocrx_word' id='word_1_88' title='bbox 377 923 443 959; x_wconf 89' lang='lat' dir='ltr'>ubi</span> <span class='ocrx_word' id='word_1_89' title='bbox 469 926 643 959; x_wconf 86' lang='lat' dir='ltr'>nascitur</span> <span class='ocrx_word' id='word_1_90' title='bbox 666 923 827 959; x_wconf 87' lang='lat' dir='ltr'>subesse</span> <span class='ocrx_word' id='word_1_91' title='bbox 852 936 974 972; x_wconf 86' lang='lat' dir='ltr'>aquas</span> <span class='ocrx_word' id='word_1_92' title='bbox 998 923 1180 967; x_wconf 84' lang='lat' dir='ltr'>credunt,</span> <span class='ocrx_word' id='word_1_93' title='bbox 1205 929 1247 960; x_wconf 89' lang='lat' dir='ltr'>et</span> <span class='ocrx_word' id='word_1_94' title='bbox 1268 923 1342 960; x_wconf 88' lang='lat' dir='ltr'>hoc</span> 
     </span>
     <span class='ocr_line' id='line_1_17' title="bbox 164 980 1342 1031; baseline 0.002 -14"><span class='ocrx_word' id='word_1_95' title='bbox 164 980 314 1018; x_wconf 87' lang='lat' dir='ltr'>habent</span> <span class='ocrx_word' id='word_1_96' title='bbox 364 984 521 1031; x_wconf 84' lang='lat' dir='ltr'>signum</span> <span class='ocrx_word' id='word_1_97' title='bbox 573 981 787 1031; x_wconf 86' lang='lat' dir='ltr'>aquileges.</span> <span class='ocrx_word' id='word_1_98' title='bbox 842 981 935 1018; x_wconf 89' lang='lat' dir='ltr'>folia</span> <span class='ocrx_word' id='word_1_99' title='bbox 985 988 1078 1018; x_wconf 86' lang='lat' dir='ltr'>sunt</span> <span class='ocrx_word' id='word_1_100' title='bbox 1127 982 1342 1019; x_wconf 88' lang='lat' dir='ltr'>maiuscula</span> 
     </span>
     <span class='ocr_line' id='line_1_18' title="bbox 167 1039 1341 1090; baseline 0.001 -14"><span class='ocrx_word' id='word_1_101' title='bbox 167 1053 286 1089; x_wconf 89' lang='lat' dir='ltr'>quam</span> <span class='ocrx_word' id='word_1_102' title='bbox 306 1039 480 1077; x_wconf 84' lang='lat' dir='ltr'>hederae</span> <span class='ocrx_word' id='word_1_103' title='bbox 497 1043 673 1090; x_wconf 89' lang='lat' dir='ltr'>quinque</span> <span class='ocrx_word' id='word_1_104' title='bbox 690 1046 758 1077; x_wconf 84' lang='lat' dir='ltr'>aut</span> <span class='ocrx_word' id='word_1_105' title='bbox 774 1046 944 1090; x_wconf 85' lang='lat' dir='ltr'>septem,</span> <span class='ocrx_word' id='word_1_106' title='bbox 960 1040 1169 1077; x_wconf 87' lang='lat' dir='ltr'>subalbida</span> <span class='ocrx_word' id='word_1_107' title='bbox 1184 1054 1207 1077; x_wconf 89' lang='lat' dir='ltr'>a</span> <span class='ocrx_word' id='word_1_108' title='bbox 1222 1046 1341 1085; x_wconf 80' lang='lat' dir='ltr'>terra,</span> 
     </span>
     <span class='ocr_line' id='line_1_19' title="bbox 165 1098 1341 1148; baseline 0.002 -13"><span class='ocrx_word' id='word_1_109' title='bbox 165 1112 334 1148; x_wconf 88' lang='lat' dir='ltr'>superne</span> <span class='ocrx_word' id='word_1_110' title='bbox 362 1099 524 1148; x_wconf 82' lang='lat' dir='ltr'>pallida,</span> <span class='ocrx_word' id='word_1_111' title='bbox 553 1101 637 1135; x_wconf 86' lang='lat' dir='ltr'>sine</span> <span class='ocrx_word' id='word_1_112' title='bbox 665 1098 791 1142; x_wconf 85' lang='lat' dir='ltr'>caule,</span> <span class='ocrx_word' id='word_1_113' title='bbox 819 1102 903 1136; x_wconf 91' lang='lat' dir='ltr'>sine</span> <span class='ocrx_word' id='word_1_114' title='bbox 931 1098 1039 1143; x_wconf 86' lang='lat' dir='ltr'>flore,</span> <span class='ocrx_word' id='word_1_115' title='bbox 1067 1102 1151 1136; x_wconf 89' lang='lat' dir='ltr'>sine</span> <span class='ocrx_word' id='word_1_116' title='bbox 1179 1102 1341 1144; x_wconf 88' lang='lat' dir='ltr'>semine,</span> 
     </span>
     <span class='ocr_line' id='line_1_20' title="bbox 163 1157 1341 1207; baseline 0.002 -14"><span class='ocrx_word' id='word_1_117' title='bbox 163 1157 295 1194; x_wconf 89' lang='lat' dir='ltr'>radice</span> <span class='ocrx_word' id='word_1_118' title='bbox 329 1161 453 1194; x_wconf 90' lang='lat' dir='ltr'>tenui.</span> <span class='ocrx_word' id='word_1_119' title='bbox 509 1158 671 1207; x_wconf 87' lang='lat' dir='ltr'>quidam</span> <span class='ocrx_word' id='word_1_120' title='bbox 705 1157 874 1194; x_wconf 90' lang='lat' dir='ltr'>eandem</span> <span class='ocrx_word' id='word_1_121' title='bbox 908 1171 993 1194; x_wconf 89' lang='lat' dir='ltr'>esse</span> <span class='ocrx_word' id='word_1_122' title='bbox 1027 1160 1158 1194; x_wconf 89' lang='lat' dir='ltr'>arcion</span> <span class='ocrx_word' id='word_1_123' title='bbox 1192 1164 1234 1195; x_wconf 82' lang='lat' dir='ltr'>et</span> <span class='ocrx_word' id='word_1_124' title='bbox 1266 1158 1341 1195; x_wconf 91' lang='lat' dir='ltr'>alio</span> 
     </span>
     <span class='ocr_line' id='line_1_21' title="bbox 164 1216 1340 1266; baseline 0.001 -14"><span class='ocrx_word' id='word_1_125' title='bbox 164 1219 322 1253; x_wconf 89' lang='lat' dir='ltr'>nomine</span> <span class='ocrx_word' id='word_1_126' title='bbox 363 1216 670 1253; x_wconf 83' lang='lat' dir='ltr'>chamaeleucen</span> <span class='ocrx_word' id='word_1_127' title='bbox 710 1222 868 1266; x_wconf 84' lang='lat' dir='ltr'>putant.</span> <span class='ocrx_word' id='word_1_128' title='bbox 921 1216 1037 1253; x_wconf 86' lang='lat' dir='ltr'>huius</span> <span class='ocrx_word' id='word_1_129' title='bbox 1078 1217 1212 1253; x_wconf 88' lang='lat' dir='ltr'>aridae</span> <span class='ocrx_word' id='word_1_130' title='bbox 1251 1230 1340 1254; x_wconf 91' lang='lat' dir='ltr'>cum</span> 
     </span>
     <span class='ocr_line' id='line_1_22' title="bbox 165 1275 1340 1325; baseline 0.001 -14"><span class='ocrx_word' id='word_1_131' title='bbox 165 1275 296 1312; x_wconf 86' lang='lat' dir='ltr'>radice</span> <span class='ocrx_word' id='word_1_132' title='bbox 320 1275 452 1312; x_wconf 88' lang='lat' dir='ltr'>fumus</span> <span class='ocrx_word' id='word_1_133' title='bbox 476 1289 546 1325; x_wconf 89' lang='lat' dir='ltr'>per</span> <span class='ocrx_word' id='word_1_134' title='bbox 569 1275 834 1312; x_wconf 88' lang='lat' dir='ltr'>harundinem</span> <span class='ocrx_word' id='word_1_135' title='bbox 863 1275 1028 1312; x_wconf 84' lang='lat' dir='ltr'>haustus</span> <span class='ocrx_word' id='word_1_136' title='bbox 1059 1282 1101 1312; x_wconf 85' lang='lat' dir='ltr'>et</span> <span class='ocrx_word' id='word_1_137' title='bbox 1129 1275 1340 1313; x_wconf 77' lang='lat' dir='ltr'>devoratus</span> 
     </span>
     <span class='ocr_line' id='line_1_23' title="bbox 163 1334 1338 1384; baseline 0 -14"><span class='ocrx_word' id='word_1_138' title='bbox 163 1340 340 1371; x_wconf 82' lang='lat' dir='ltr'>veterem</span> <span class='ocrx_word' id='word_1_139' title='bbox 387 1348 526 1371; x_wconf 87' lang='lat' dir='ltr'>sanare</span> <span class='ocrx_word' id='word_1_140' title='bbox 573 1334 717 1371; x_wconf 86' lang='lat' dir='ltr'>dicitur</span> <span class='ocrx_word' id='word_1_141' title='bbox 762 1337 916 1378; x_wconf 84' lang='lat' dir='ltr'>tussim,</span> <span class='ocrx_word' id='word_1_142' title='bbox 963 1334 1033 1370; x_wconf 89' lang='lat' dir='ltr'>sed</span> <span class='ocrx_word' id='word_1_143' title='bbox 1079 1336 1120 1370; x_wconf 91' lang='lat' dir='ltr'>in</span> <span class='ocrx_word' id='word_1_144' title='bbox 1165 1334 1338 1384; x_wconf 90' lang='lat' dir='ltr'>singulos</span> 
     </span>
     <span class='ocr_line' id='line_1_24' title="bbox 162 1392 867 1443; baseline 0.001 -14"><span class='ocrx_word' id='word_1_145' title='bbox 162 1392 326 1430; x_wconf 87' lang='lat' dir='ltr'>haustus</span> <span class='ocrx_word' id='word_1_146' title='bbox 348 1407 508 1443; x_wconf 80' lang='lat' dir='ltr'>passum</span> <span class='ocrx_word' id='word_1_147' title='bbox 530 1393 773 1443; x_wconf 85' lang='lat' dir='ltr'>gustandum</span> <span class='ocrx_word' id='word_1_148' title='bbox 796 1399 867 1430; x_wconf 86' lang='lat' dir='ltr'>est.</span> 
     </span>
    </p>

    <p class='ocr_par' dir='ltr' id='par_1_7' title="bbox 162 1451 1340 1619">
     <span class='ocr_line' id='line_1_25' title="bbox 214 1451 1339 1502; baseline 0 -14"><span class='ocrx_word' id='word_1_149' title='bbox 214 1451 343 1488; x_wconf 83' lang='lat' dir='ltr'><strong>XVII.</strong></span> <span class='ocrx_word' id='word_1_150' title='bbox 373 1452 513 1489; x_wconf 87' lang='lat' dir='ltr'>Altera</span> <span class='ocrx_word' id='word_1_151' title='bbox 565 1466 588 1488; x_wconf 87' lang='lat' dir='ltr'>a</span> <span class='ocrx_word' id='word_1_152' title='bbox 640 1451 877 1502; x_wconf 88' lang='lat' dir='ltr'>quibusdam</span> <span class='ocrx_word' id='word_1_153' title='bbox 929 1451 1051 1488; x_wconf 76' lang='lat' dir='ltr'>salvia</span> <span class='ocrx_word' id='word_1_154' title='bbox 1102 1451 1339 1501; x_wconf 89' lang='lat' dir='ltr'>appellatur,</span> 
     </span>
     <span class='ocr_line' id='line_1_26' title="bbox 162 1510 1340 1560; baseline -0.001 -13"><span class='ocrx_word' id='word_1_155' title='bbox 162 1510 298 1547; x_wconf 88' lang='lat' dir='ltr'>similis</span> <span class='ocrx_word' id='word_1_156' title='bbox 317 1512 515 1548; x_wconf 83' lang='lat' dir='ltr'>verbasco.</span> <span class='ocrx_word' id='word_1_157' title='bbox 571 1513 791 1547; x_wconf 88' lang='lat' dir='ltr'>conteritur</span> <span class='ocrx_word' id='word_1_158' title='bbox 809 1516 850 1547; x_wconf 90' lang='lat' dir='ltr'>et</span> <span class='ocrx_word' id='word_1_159' title='bbox 869 1510 999 1547; x_wconf 88' lang='lat' dir='ltr'>colata</span> <span class='ocrx_word' id='word_1_160' title='bbox 1017 1510 1124 1547; x_wconf 83' lang='lat' dir='ltr'>calfit</span> <span class='ocrx_word' id='word_1_161' title='bbox 1143 1516 1265 1560; x_wconf 86' lang='lat' dir='ltr'>atque</span> <span class='ocrx_word' id='word_1_162' title='bbox 1283 1513 1340 1547; x_wconf 88' lang='lat' dir='ltr'>ita</span> 
     </span>
     <span class='ocr_line' id='line_1_27' title="bbox 163 1569 1337 1619; baseline 0 -13"><span class='ocrx_word' id='word_1_163' title='bbox 163 1569 213 1606; x_wconf 90' lang='lat' dir='ltr'>ad</span> <span class='ocrx_word' id='word_1_164' title='bbox 228 1572 368 1606; x_wconf 86' lang='lat' dir='ltr'>tussim</span> <span class='ocrx_word' id='word_1_165' title='bbox 383 1570 598 1619; x_wconf 87' lang='lat' dir='ltr'>laterisque</span> <span class='ocrx_word' id='word_1_166' title='bbox 614 1569 768 1606; x_wconf 86' lang='lat' dir='ltr'>dolores</span> <span class='ocrx_word' id='word_1_167' title='bbox 784 1570 946 1612; x_wconf 81' lang='lat' dir='ltr'>bibitur,</span> <span class='ocrx_word' id='word_1_168' title='bbox 963 1575 1100 1605; x_wconf 86' lang='lat' dir='ltr'>contra</span> <span class='ocrx_word' id='word_1_169' title='bbox 1115 1571 1337 1618; x_wconf 87' lang='lat' dir='ltr'>scorpiones</span> 
     </span>
    </p>
   </div>
   <div class='ocr_carea' id='block_1_6' title="bbox 167 1666 1338 1741">
    <p class='ocr_par' dir='ltr' id='par_1_8' title="bbox 167 1666 1338 1741">
     <span class='ocr_line' id='line_1_28' title="bbox 216 1666 1338 1707; baseline -0.001 -9"><span class='ocrx_word' id='word_1_170' title='bbox 216 1667 228 1686; x_wconf 80' lang='lat'>1</span> <span class='ocrx_word' id='word_1_171' title='bbox 250 1667 369 1698; x_wconf 86' lang='lat' dir='ltr'>eadem</span> <span class='ocrx_word' id='word_1_172' title='bbox 382 1667 490 1705; x_wconf 73' lang='lat' dir='ltr'>Silliq,</span> <span class='ocrx_word' id='word_1_173' title='bbox 506 1666 680 1707; x_wconf 77' lang='lat' dir='ltr'>Mayhoff:</span> <span class='ocrx_word' id='word_1_174' title='bbox 706 1677 744 1697; x_wconf 88' lang='lat' dir='ltr'>ea</span> <span class='ocrx_word' id='word_1_175' title='bbox 758 1666 895 1697; x_wconf 87' lang='lat' dir='ltr'>demum</span> <span class='ocrx_word' id='word_1_176' title='bbox 909 1666 1030 1707; x_wconf 78' lang='lat' dir='ltr'>aliquot</span> <span class='ocrx_word' id='word_1_177' title='bbox 1043 1666 1131 1697; x_wconf 79' lang='lat' dir='ltr'>codd.</span> <span class='ocrx_word' id='word_1_178' title='bbox 1148 1678 1155 1697; x_wconf 91' lang='lat'><strong>:</strong></span> <span class='ocrx_word' id='word_1_179' title='bbox 1180 1676 1221 1697; x_wconf 86' lang='lat' dir='ltr'>ex</span> <span class='ocrx_word' id='word_1_180' title='bbox 1235 1666 1315 1697; x_wconf 82' lang='lat' dir='ltr'>V1R</span> <span class='ocrx_word' id='word_1_181' title='bbox 1331 1679 1338 1697; x_wconf 90' lang='lat'>:</span> 
     </span>
     <span class='ocr_line' id='line_1_29' title="bbox 167 1710 494 1741; baseline -0.003 0"><span class='ocrx_word' id='word_1_182' title='bbox 167 1720 206 1741; x_wconf 84' lang='lat' dir='ltr'>ea</span> <span class='ocrx_word' id='word_1_183' title='bbox 225 1710 361 1741; x_wconf 90' lang='lat' dir='ltr'>demum</span> <span class='ocrx_word' id='word_1_184' title='bbox 381 1721 422 1741; x_wconf 79' lang='lat' dir='ltr'>ex</span> <span class='ocrx_word' id='word_1_185' title='bbox 441 1710 494 1740; x_wconf 72' lang='lat' dir='ltr'>V2.</span> 
     </span>
    </p>
   </div>
   <div class='ocr_carea' id='block_1_7' title="bbox 205 1865 1341 1906">
    <p class='ocr_par' dir='ltr' id='par_1_9' title="bbox 205 1865 1341 1906">
     <span class='ocr_line' id='line_1_30' title="bbox 205 1865 1341 1906; baseline -0.002 -8"><span class='ocrx_word' id='word_1_186' title='bbox 205 1872 218 1886; x_wconf 81' lang='lat'>‘¹</span> <span class='ocrx_word' id='word_1_187' title='bbox 243 1867 523 1898; x_wconf 74' lang='lat' dir='ltr'>Commanducata</span> <span class='ocrx_word' id='word_1_188' title='bbox 548 1870 576 1898; x_wconf 79' lang='lat' dir='ltr'>et</span> <span class='ocrx_word' id='word_1_189' title='bbox 601 1866 638 1897; x_wconf 84' lang='lat' dir='ltr'>in</span> <span class='ocrx_word' id='word_1_190' title='bbox 664 1866 740 1897; x_wconf 82' lang='lat' dir='ltr'>vino</span> <span class='ocrx_word' id='word_1_191' title='bbox 765 1865 945 1905; x_wconf 80' lang='lat' dir='ltr'>madefacta</span> <span class='ocrx_word' id='word_1_192' title='bbox 970 1866 997 1896; x_wconf 87' lang='lat' dir='ltr'>is</span> <span class='ocrx_word' id='word_1_193' title='bbox 1023 1865 1169 1906; x_wconf 87' lang='lat' dir='ltr'>perhaps</span> <span class='ocrx_word' id='word_1_194' title='bbox 1194 1865 1341 1906; x_wconf 72' lang='lat' dir='ltr'>hysteron</span> 
     </span>
    </p>
   </div>
   <div class='ocr_carea' id='block_1_8' title="bbox 158 1914 319 1951">
    <p class='ocr_par' dir='ltr' id='par_1_10' title="bbox 158 1914 319 1951">
     <span class='ocr_line' id='line_1_31' title="bbox 158 1914 319 1951; baseline 0.006 -11"><span class='ocrx_word' id='word_1_195' title='bbox 158 1914 319 1951; x_wconf 76' lang='lat' dir='ltr'>proteron.</span> 
     </span>
    </p>
   </div>
   <div class='ocr_carea' id='block_1_9' title="bbox 160 1950 1340 2079">
    <p class='ocr_par' dir='ltr' id='par_1_11' title="bbox 160 1950 1340 2079">
     <span class='ocr_line' id='line_1_32' title="bbox 203 1950 1087 1989; baseline -0.003 -5"><span class='ocrx_word' id='word_1_196' title='bbox 203 1952 215 1972; x_wconf 78' lang='lat'>¹²</span> <span class='ocrx_word' id='word_1_197' title='bbox 240 1953 380 1989; x_wconf 71' lang='lat' dir='ltr'>Thorace,</span> <span class='ocrx_word' id='word_1_198' title='bbox 398 1952 476 1983; x_wconf 84' lang='lat' dir='ltr'>here</span> <span class='ocrx_word' id='word_1_199' title='bbox 494 1952 513 1963; x_wconf 91' lang='grc'>“</span> <span class='ocrx_word' id='word_1_200' title='bbox 530 1951 658 1988; x_wconf 79' lang='lat' dir='ltr'>chest‚”</span> <span class='ocrx_word' id='word_1_201' title='bbox 677 1951 771 1982; x_wconf 69' lang='lat' dir='ltr'>often</span> <span class='ocrx_word' id='word_1_202' title='bbox 788 1951 846 1981; x_wconf 79' lang='lat' dir='ltr'>the</span> <span class='ocrx_word' id='word_1_203' title='bbox 863 1950 969 1981; x_wconf 80' lang='lat' dir='ltr'>whole</span> <span class='ocrx_word' id='word_1_204' title='bbox 985 1954 1087 1982; x_wconf 74' lang='lat' dir='ltr'>torso.</span> 
     </span>
     <span class='ocr_line' id='line_1_33' title="bbox 205 1993 1336 2036; baseline -0.002 -10"><span class='ocrx_word' id='word_1_205' title='bbox 205 2001 215 2015; x_wconf 78' lang='lat'><em>⁶</em></span> <span class='ocrx_word' id='word_1_206' title='bbox 239 1995 320 2026; x_wconf 84' lang='lat' dir='ltr'>This</span> <span class='ocrx_word' id='word_1_207' title='bbox 344 1995 484 2036; x_wconf 76' lang='lat' dir='ltr'>chapter</span> <span class='ocrx_word' id='word_1_208' title='bbox 507 1995 534 2025; x_wconf 84' lang='lat' dir='ltr'>is</span> <span class='ocrx_word' id='word_1_209' title='bbox 558 1993 779 2034; x_wconf 76' lang='lat' dir='ltr'>structurally</span> <span class='ocrx_word' id='word_1_210' title='bbox 803 1994 1019 2034; x_wconf 87' lang='lat' dir='ltr'>amorphous,</span> <span class='ocrx_word' id='word_1_211' title='bbox 1044 1993 1112 2024; x_wconf 88' lang='lat' dir='ltr'>and</span> <span class='ocrx_word' id='word_1_212' title='bbox 1135 1994 1163 2024; x_wconf 75' lang='lat' dir='ltr'>it</span> <span class='ocrx_word' id='word_1_213' title='bbox 1186 1994 1214 2024; x_wconf 85' lang='lat' dir='ltr'>is</span> <span class='ocrx_word' id='word_1_214' title='bbox 1237 1993 1336 2024; x_wconf 75' lang='lat' dir='ltr'>futile</span> 
     </span>
     <span class='ocr_line' id='line_1_34' title="bbox 160 2035 1340 2079; baseline -0.003 -9"><span class='ocrx_word' id='word_1_215' title='bbox 160 2043 197 2070; x_wconf 81' lang='lat' dir='ltr'>to</span> <span class='ocrx_word' id='word_1_216' title='bbox 217 2042 367 2079; x_wconf 77' lang='lat' dir='ltr'>attempt</span> <span class='ocrx_word' id='word_1_217' title='bbox 387 2042 423 2069; x_wconf 79' lang='lat' dir='ltr'>to</span> <span class='ocrx_word' id='word_1_218' title='bbox 443 2039 518 2078; x_wconf 79' lang='lat' dir='ltr'>give</span> <span class='ocrx_word' id='word_1_219' title='bbox 539 2038 566 2068; x_wconf 78' lang='lat' dir='ltr'>it</span> <span class='ocrx_word' id='word_1_220' title='bbox 586 2048 606 2068; x_wconf 87' lang='lat' dir='ltr'>a</span> <span class='ocrx_word' id='word_1_221' title='bbox 626 2036 757 2078; x_wconf 84' lang='lat' dir='ltr'>regular</span> <span class='ocrx_word' id='word_1_222' title='bbox 776 2040 956 2073; x_wconf 73' lang='lat' dir='ltr'>structure,</span> <span class='ocrx_word' id='word_1_223' title='bbox 977 2035 1157 2077; x_wconf 78' lang='lat' dir='ltr'>especially</span> <span class='ocrx_word' id='word_1_224' title='bbox 1177 2036 1272 2067; x_wconf 86' lang='lat' dir='ltr'>when</span> <span class='ocrx_word' id='word_1_225' title='bbox 1292 2047 1340 2067; x_wconf 87' lang='lat' dir='ltr'>we</span> 
     </span>
    </p>
   </div>
   <div class='ocr_carea' id='block_1_10' title="bbox 160 2101 229 2136">
    <p class='ocr_par' dir='ltr' id='par_1_12' title="bbox 160 2101 229 2136">
     <span class='ocr_line' id='line_1_35' title="bbox 160 2101 229 2136; baseline 0 0"><span class='ocrx_word' id='word_1_226' title='bbox 160 2101 229 2136; x_wconf 84' lang='lat'>286</span> 
     </span>
    </p>
   </div>
  </div>
 </body>
</html>
