1459 2288
123 228 165 258 54

124 494 164 523 55

124 916 164 948 56

125 1130 165 1160 57

394 119 588 156 PLINY:
635 119 897 156 NATURAL
931 118 1166 156 HISTORY

241 221 427 258 XXXVI.
459 221 655 270 Iunipirus
668 220 731 256 vel
745 226 839 256 ante
852 225 987 257 cetera
1001 223 1134 257 omnia
1147 219 1370 264 excalfacit,

191 280 399 317 extenuat,
420 274 538 310 cedro
570 273 663 309 alias
691 273 837 309 similis.
893 279 935 310 et
960 273 1075 310 huius
1102 273 1181 310 duo
1207 287 1370 323 genera,

192 328 318 364 altera
363 330 490 363 minor
537 326 674 363 altera.
729 332 900 375 utraque
947 340 1112 363 accensa
1162 332 1369 376 serpentes

191 380 317 431 fugat.
373 393 510 416 semen
542 379 748 423 stomachi,
781 382 966 429 pectoris,
998 380 1133 416 lateris
1166 380 1367 416 doloribus

190 434 301 470 utile.
355 433 578 470 inflationes
615 433 849 482 algoresque
886 433 1062 476 discutit,
1098 439 1241 476 tusses,
1277 446 1368 469 con-

191 489 326 536 coquit
346 486 524 523 duritias.
578 486 735 522 inlitum
764 492 942 522 tumores
971 489 1089 529 sistit,
1109 488 1208 522 item
1238 486 1369 522 alvum

190 541 297 577 bacis
316 552 366 576 ex
383 542 496 589 nigro
513 542 604 575 vino
622 542 739 588 potis,
757 541 855 575 item
873 542 1022 575 ventris
1040 545 1217 576 tumores
1234 539 1368 576 inlitis.

190 596 380 630 miscetur
394 599 435 629 et
449 592 653 635 antidotis,
667 595 852 642 oxyporis
866 604 875 635 3
902 595 1034 628 urinas
1048 595 1138 628 ciet.
1192 592 1371 628 inlinitur

192 652 234 682 et
262 646 382 682 oculis
410 648 450 682 in
479 645 689 695 epiphoris.
744 645 863 682 datur
890 645 1095 689 convolsis,
1123 648 1263 694 ruptis,
1291 651 1371 682 tor-

190 700 375 742 minibus,
413 698 549 742 volvis,
587 698 806 735 ischiadicis
844 711 934 734 cum
973 701 1062 735 vino
1102 698 1191 735 albo
1229 704 1371 748 potum

190 752 319 802 pilulis
348 754 552 801 quaternis
582 757 652 788 aut
680 751 853 788 decoctis
881 754 1023 801 viginti
1051 754 1090 787 in
1119 754 1221 788 vino.
1276 757 1370 788 sunt

191 807 258 855 qui
288 810 329 842 et
350 811 605 854 perunguant
626 818 767 854 corpus
783 805 799 828 1
827 818 848 841 e
870 808 1020 841 semine
1043 807 1126 841 eius
1148 807 1189 841 in
1209 817 1369 854 serpen-

191 862 292 895 tium
310 858 445 894 ictus.2

241 911 450 948 XXXVII.
479 910 613 947 Salicis
634 909 786 947 fructus
807 917 901 947 ante
926 913 1204 947 maturitatem
1224 913 1264 947 in
1286 924 1369 947 ara-

190 977 308 1001 neam
338 965 435 1007 abit,
455 964 540 1007 sed,
560 966 591 1000 si
619 966 726 1013 prius
753 964 975 1013 colligatur,
996 967 1232 1014 sanguinem
1256 967 1365 1000 reici-

191 1018 349 1054 entibus
369 1017 544 1067 prodest.
583 1019 738 1053 corticis
760 1030 782 1053 e
802 1020 920 1053 ramis
941 1020 1076 1066 primis
1097 1020 1192 1054 cinis
1213 1017 1367 1053 clavum

192 1077 233 1107 et
248 1071 392 1107 callum
408 1083 512 1120 aqua
526 1073 654 1106 mixta
669 1076 795 1106 sanat.
831 1073 929 1107 vitia
944 1073 1044 1107 cutis
1060 1073 1100 1107 in
1116 1070 1218 1107 facie
1235 1084 1368 1107 emen-

192 1124 276 1168 dat,
296 1127 422 1174 magis
444 1123 623 1160 admixto
649 1137 741 1160 suco
762 1137 842 1160 suo.
901 1130 962 1160 est
991 1130 1128 1161 autem
1157 1124 1220 1160 hic
1248 1127 1369 1160 trium

189 1190 405 1227 generum:
437 1191 560 1213 unum
579 1177 694 1213 arbor
711 1180 795 1226 ipsa
815 1177 985 1213 exsudat
1003 1179 1218 1214 cummium
1235 1177 1369 1220 modo,

190 1231 316 1267 altero
331 1236 469 1267 manat
485 1233 525 1266 in
541 1230 673 1280 plaga,
686 1243 776 1266 cum
793 1229 922 1273 floret,
937 1233 1067 1267 exciso
1085 1233 1230 1267 cortice
1246 1233 1367 1267 trium

189 1284 404 1333 digitorum
434 1283 724 1333 magnitudine.
778 1283 870 1319 hic3
898 1283 948 1320 ad
977 1283 1237 1333 expurganda
1264 1297 1367 1333 quae

190 1338 353 1373 obstent
385 1337 519 1380 oculis,
552 1339 650 1373 item
684 1337 735 1373 ad
768 1337 973 1386 spissanda
1005 1350 1108 1386 quae
1142 1350 1240 1386 opus
1273 1343 1367 1374 sunt

189 1391 452 1439 ciendamque
480 1392 634 1426 urinam
664 1395 706 1426 et
734 1390 785 1426 ad
813 1403 950 1426 omnes
979 1390 1231 1427 collectiones
1259 1393 1367 1427 intus

189 1443 469 1480 extrahendas.
523 1446 666 1480 tertius
689 1456 804 1480 sucus
827 1449 889 1480 est.
910 1443 1217 1480 detruncatione
1239 1457 1367 1480 ramo-

242 1507 252 1525 1
277 1507 343 1537 Pos
346 1511 355 1537 t
370 1516 491 1547 corpus
505 1505 661 1537 exridisse
675 1516 756 1537 suco
771 1511 863 1546 putat
878 1506 1040 1546 Jlaylzoff.

237 1550 249 1568 2
272 1550 361 1580 ictus
378 1549 407 1580 V
410 1550 436 1580 T
452 1550 476 1586 f,
493 1549 681 1590 Detlefsen.
708 1553 804 1581 metu
820 1549 917 1589 vulq„
935 1549 1108 1590 Maylzosf:
1135 1553 1248 1581 metus
1261 1549 1337 1581 EX.

240 1593 252 1610 ³
274 1592 328 1623 hjc
345 1593 456 1623 codd..
487 1593 539 1623 vis
555 1592 717 1632 Maylzoff.

235 1662 369 1693 “Hard
385 1662 551 1703 swellings
567 1672 605 1692 or
621 1662 801 1693 abseesses.

238 1705 250 1724 ⁶
273 1705 381 1736 Galen
406 1715 482 1735 uses
507 1705 662 1744 ὀξύπορον
687 1708 738 1745 (or
761 1704 946 1745 ὀξυπόριον)
971 1704 1011 1735 of
1040 1715 1060 1735 a
1084 1705 1322 1742 carminative‚
1348 1715 1370 1736 a

190 1758 285 1779 sense
307 1748 386 1778 that
408 1749 494 1778 suits
517 1758 599 1788 very
619 1747 695 1778 well
716 1748 796 1778 XX.
819 1749 833 1787 ἓ
855 1750 896 1779 65
919 1748 988 1778 and
1010 1748 1024 1787 ξ
1045 1749 1118 1780 256.
1166 1748 1320 1788 Mayhoff
1342 1749 1370 1780 is

191 1790 302 1831 surely
322 1790 412 1831 right
434 1792 470 1821 in
493 1792 632 1831 putting
655 1801 675 1821 a
697 1801 831 1821 comma
854 1791 943 1821 after
965 1790 1132 1827 antidotis,
1150 1791 1312 1832 avoiding
1334 1791 1370 1822 in

190 1834 259 1865 this
275 1844 351 1873 way
366 1833 425 1864 the
442 1833 690 1864 awkwardness
707 1833 746 1864 of
758 1834 880 1874 taking
897 1844 1058 1874 oxyporus
1081 1844 1119 1864 as
1137 1844 1182 1864 an
1199 1833 1369 1874 adjective

192 1878 226 1915 (“
243 1876 474 1917 quick-aeting
490 1876 535 1916 ”).
583 1876 633 1907 Cf.
652 1876 868 1907 Dioscorides
892 1876 957 1907 ΠΙ.
975 1878 1016 1908 57
1033 1889 1038 1906 :
1066 1876 1278 1917 μειγνύμενον
1300 1879 1368 1911 ταῖς

191 1919 368 1952 ἀντιδότοις
384 1918 437 1950 καὶ
454 1919 622 1959 ὀξυπόροις
637 1919 816 1960 χρησίμως.

236 1967 248 1981 ⁰
271 1961 453 2017 Mathff’s
479 1962 528 1993 vis
556 1962 668 1993 would
694 1972 815 1993 mean:
859 1960 945 1992 “Its
971 1965 1134 2003 property
1159 1962 1188 1993 is
1214 1965 1252 1993 to
1279 1963 1368 1994 clear

191 2015 298 2045 away,
315 2004 391 2036 etc?

193 2061 240 2094 44
