1459 2288
125 539 185 570 112

126 966 186 997 113

128 1395 187 1425 114

419 164 614 201 PLINY:
659 164 922 202 NATURAL
955 165 1191 201 HISTORY

216 270 290 304 nisi
309 269 447 316 pingui
466 265 579 310 solo,l
597 265 699 303 foliis
718 266 925 310 coriandri,
944 266 1056 303 caule
1075 265 1251 310 cubitali,
1269 269 1392 316 capit-

216 321 303 357 ibus
338 320 532 363 rotundis,
567 333 687 369 saepe
722 319 899 369 pluribus
935 332 1055 369 quam
1089 322 1225 363 ternis,
1260 320 1392 356 radice

217 374 369 424 lignosa
401 380 456 417 et,
487 386 577 410 cum
608 376 768 417 inaruit,
800 386 1054 422 supervacua.
1109 385 1247 409 semen
1276 373 1392 410 huius

216 430 374 464 cumino
400 426 541 470 simile,
567 429 704 476 prioris
731 426 853 470 milio,
879 426 1027 470 album,
1055 439 1157 470 acre,
1183 427 1393 463 odoratum

216 481 399 517 omnibus
426 486 468 517 et
493 479 662 517 fervens.
717 480 936 516 secundum
962 483 1091 529 priore
1116 479 1392 517 vehementius

212 540 286 577 est,
310 534 481 583 ideoque
504 547 622 583 parce
645 536 746 570 sumi
769 534 904 570 debet.
959 536 991 570 si
1013 536 1092 570 iam
1114 536 1288 570 maxime
1314 539 1392 570 ter-

215 590 317 624 tium
339 600 465 637 genus
489 586 619 623 facere
638 587 776 630 libeat,
795 593 857 624 est
875 586 1001 623 simile
1024 586 1264 636 staphylino,
1287 586 1393 636 quod

217 643 463 690 pastinacam
505 643 715 677 erraticam
757 640 976 690 appellant,
1017 643 1168 677 semine
1209 639 1392 690 oblongo,

217 695 349 731 radice
375 694 492 731 dulci.
548 697 679 730 omnia
704 693 802 730 haec
828 699 870 730 et
893 693 1025 730 hieme
1052 699 1094 730 et
1118 699 1274 730 aestate
1299 699 1392 730 sunt.

216 751 369 784 intacta
396 747 632 797 quadripedi
660 750 733 783 nisi
761 753 852 796 post
880 748 1053 784 abortus.
1109 759 1158 783 ex
1187 747 1272 783 aliis
1300 760 1392 783 usus

217 804 390 844 seminis,
418 814 467 837 ex
493 800 650 838 Cretico
675 801 816 837 radicis
843 806 918 844 est,
943 803 1069 850 magis
1097 800 1147 837 ad
1172 807 1390 849 serpentes.

216 855 367 891 bibitur
391 867 411 891 e
435 857 525 891 vino
549 854 737 891 drachma
759 867 852 898 una,
875 854 994 891 datur
1018 860 1059 891 et
1083 853 1392 903 quadripedibus

216 911 421 957 percussis.

265 961 384 997 LXV.
414 961 678 998 Therionarca
702 961 779 997 alia
803 974 923 1010 quam
946 964 1101 1011 magica
1125 966 1167 997 et
1190 963 1231 997 in
1258 966 1392 998 nostro

217 1015 312 1051 orbe
333 1017 507 1051 nascitur
527 1014 714 1051 fruticosa
734 1014 836 1051 foliis
856 1015 1134 1058 subviridibus,
1153 1013 1248 1051 flore
1267 1027 1392 1058 roseo,

217 1075 423 1118 serpentes
451 1074 580 1105 necat.
635 1071 870 1118 cuicumque
899 1068 1061 1105 admota
1088 1067 1197 1104 ferae
1225 1073 1267 1105 et
1293 1067 1392 1104 haec

215 1128 416 1171 torporem
434 1121 576 1159 adfert.

268 1175 410 1212 LXVI.
441 1174 678 1219 Persolata,2
719 1188 839 1224 quam
880 1188 998 1212 nemo
1039 1178 1209 1225 ignorat,
1251 1175 1392 1212 Graeci

218 1232 349 1265 arcion
370 1235 525 1272 vocant,
547 1228 641 1265 folia
661 1228 784 1265 habet
804 1232 954 1265 maiora
975 1231 1097 1265 etiam
1116 1228 1330 1265 cucurbitis
1351 1234 1393 1265 et

216 1282 428 1319 hirsutiora
449 1285 699 1332 nigrioraque
722 1288 763 1319 et
783 1285 984 1325 crassiora,
1004 1282 1179 1318 radicem
1199 1281 1331 1318 albam
1351 1288 1392 1318 et

215 1336 421 1386 grandem.
476 1335 574 1372 haec
606 1349 655 1372 ex
686 1339 776 1372 vino
807 1336 957 1372 bibitur
988 1335 1239 1372 denariorum
1269 1335 1393 1372 duum

213 1389 400 1438 pondere.
457 1389 622 1425 LXVII.
652 1392 750 1426 item
776 1389 985 1439 cyclamini
1010 1389 1123 1425 radix
1149 1395 1287 1426 contra
1312 1402 1389 1425 ser-

217 1449 359 1493 pentes
395 1456 545 1480 omnes.
600 1442 695 1479 folia
730 1443 853 1479 habet
888 1445 1041 1479 minora
1076 1455 1196 1492 quam
1230 1442 1391 1485 hedera,

266 1518 278 1536 1
303 1518 381 1548 Post
402 1517 472 1548 solo
493 1517 648 1548 lacunam
670 1517 794 1547 indicat
816 1517 978 1558 Mayhoff,
1003 1517 1058 1557 qui
1079 1520 1131 1548 est
1152 1527 1259 1548 unum
1279 1527 1320 1548 ex
1342 1516 1393 1548 his

222 1560 266 1591 vel
283 1564 334 1591 est
352 1571 457 1601 genus
474 1560 615 1600 supplet.

265 1605 277 1623 ‘-'
302 1603 472 1644 persolata
488 1603 527 1640 E,
548 1604 642 1643 vulq„
656 1603 819 1644 Detlefsen
835 1615 841 1633 t
869 1603 1051 1644 personata
1067 1603 1175 1634 Ianus
1186 1607 1216 1634 et
1227 1603 1390 1644 Mayhoff,

221 1646 276 1686 qui
288 1647 303 1686 ξ
319 1648 381 1678 104
393 1646 462 1678 coll.
476 1651 695 1687 personatam
708 1647 836 1678 conicit.

258 1754 272 1767 ‘²
296 1749 386 1780 Here
410 1760 458 1780 we
482 1749 570 1780 have
593 1749 653 1780 the
677 1749 825 1790 singular
848 1749 960 1786 huius,
985 1749 1049 1780 but
1071 1749 1106 1780 in
1130 1749 1189 1780 the
1212 1749 1391 1790 preceding

213 1797 371 1824 sentence
404 1792 530 1832 reliqua
561 1803 688 1832 qenera.
723 1792 880 1832 Mayhoff
910 1803 1073 1833 supposes
1106 1792 1184 1823 that
1217 1803 1238 1823 a
1270 1792 1391 1833 phrase

212 1837 370 1876 meaning
404 1836 502 1867 “one
533 1836 572 1866 of
598 1835 693 1866 them
709 1835 728 1847 ⁷’
761 1836 822 1866 has
853 1835 954 1867 fallen
987 1840 1048 1866 out
1079 1835 1167 1866 after
1196 1835 1273 1867 solo.
1320 1835 1390 1867 But

213 1879 312 1919 Pliny
325 1880 514 1919 recognises
528 1878 607 1919 only
621 1884 689 1910 two
703 1879 813 1915 kinds,
828 1879 887 1910 the
900 1879 1025 1910 second
1038 1879 1076 1910 of
1085 1878 1205 1915 which,
1219 1879 1390 1919 summing

213 1933 258 1962 up
287 1922 347 1953 the
374 1922 500 1962 reliqua
527 1932 654 1961 qenera,
684 1932 765 1962 may
793 1921 866 1953 well
895 1921 936 1953 be
965 1922 1112 1953 referred
1139 1925 1176 1952 to
1205 1921 1251 1962 by
1279 1921 1389 1953 huius.

214 1965 254 1996 In
282 1965 350 1996 this
378 1965 519 2006 chapter
545 1965 644 2005 Pliny
671 1965 698 1995 is
725 1975 818 1996 more
844 1964 930 1996 than
956 1964 1090 2005 usually
1117 1964 1284 2005 slipshod;
1324 1964 1390 1996 Fee

214 2018 388 2048 compares
408 2009 435 2039 it
456 2007 708 2049 unfavourably
729 2008 812 2039 with
833 2008 891 2040 the
913 2008 1174 2049 corresponding
1194 2018 1336 2049 passage
1355 2008 1389 2039 in

212 2051 437 2083 Dioscorides.

215 2098 285 2132 218
