1459 2288
62 715 103 745 96

330 117 524 155 PLINY:
570 117 832 155 NATURAL
866 116 1101 154 HISTORY

127 226 333 270 serpentes
381 223 478 256 rami
525 233 615 256 cum
662 219 762 256 foliis
810 222 1065 268 inponuntur.
1121 217 1215 254 folia
1261 222 1303 253 et

127 274 311 323 capillum
338 273 529 309 inficiunt.
584 275 740 309 invenio
769 272 875 321 apud
902 271 1094 321 quosdam
1120 271 1301 307 morbum

127 330 280 376 regium
301 329 429 363 sanari
448 326 521 362 hoc
541 325 683 362 frutice
704 328 826 362 etiam
846 328 875 362 si
897 325 1080 375 alligatus
1100 329 1305 373 spectetur

127 386 298 417 tantum.

180 433 305 469 LVII.
336 433 472 469 Distat
514 433 563 469 ab
606 445 652 468 eo
695 435 759 481 qui
804 431 960 482 alysson
1001 436 1164 467 vocatur
1205 429 1304 466 foliis

128 492 287 522 tantum
317 492 358 522 et
386 488 503 521 ramis
531 487 770 529 minoribus3
799 498 945 521 nomen
971 486 1124 533 accepit
1148 483 1254 532 quod
1283 496 1305 518 a

128 553 225 575 cane
240 553 388 575 morsos
403 540 553 575 rabiem
569 542 716 575 sentire
732 552 810 575 non
824 541 978 587 patitur
993 550 1041 574 ex
1058 542 1172 573 aceto
1187 541 1305 586 potus

129 593 470 642 adalligatusque3
512 594 656 628 mirum
699 598 760 628 est
802 591 909 640 quod
951 591 1124 633 additur,
1154 592 1304 626 saniem

129 652 341 695 conspecto
361 648 520 682 omnino
541 645 683 681 frutice
705 659 751 682 eo
771 647 917 681 siccari.

183 699 330 735 LVIII.
360 699 652 748 Tinguentibus
682 704 723 735 et
752 698 928 734 radicula
955 697 1065 733 lanas
1094 701 1306 746 praeparat

130 766 250 801 quam
274 752 472 788 struthion
497 766 520 788 a
543 752 704 788 Graecis
729 754 858 788 vocari
882 751 1065 787 diximus.
1119 749 1307 786 medetur

129 806 267 842 morbo
296 808 405 853 regio
435 811 477 842 et
504 808 589 854 ipsa
617 804 743 853 pota1
773 810 815 841 et
843 804 1053 841 decoctum
1083 804 1180 845 eius,
1208 804 1306 838 item

130 861 300 908 pectoris
337 861 464 901 vitiis;
517 861 671 894 urinam
707 861 799 901 ciet,
837 857 967 894 alvum
1004 856 1132 899 solvit,
1169 855 1302 892 vulvas

130 918 289 961 purgat,
323 912 581 961 quamobrem
621 924 786 948 aureum
825 913 1024 960 potorium
1061 909 1204 946 medici
1245 921 1308 944 vo-

130 972 234 1002 cant.
290 978 337 1001 ea
367 971 408 1001 et
429 978 478 1001 ex
498 965 616 1001 melle
637 963 825 1014 prodestl
852 963 1062 1013 magnifice
1087 962 1137 999 ad
1155 964 1309 1004 tussim,

131 1018 401 1067 orthopnoeae
424 1018 608 1054 coclearis
629 1031 828 1061 mensura,
851 1031 942 1054 cum
963 1016 1127 1066 polenta
1149 1028 1242 1052 vero
1266 1021 1307 1051 et

133 1078 246 1108 aceto
273 1071 402 1120 lepras
429 1071 544 1107 tollit.
600 1071 742 1107 eadem
768 1084 857 1107 cum
884 1083 1034 1120 panace
1062 1075 1104 1105 et
1130 1071 1309 1118 capparis

131 1125 262 1161 radice
287 1125 455 1161 calculos
480 1124 628 1174 frangit
651 1124 859 1174 pellitque,
884 1136 1007 1173 panos
1032 1123 1195 1159 discutit
1219 1135 1308 1158 cum

133 1178 258 1214 farina
274 1177 483 1214 hordeacia
502 1184 543 1215 et
559 1181 649 1214 vino
665 1178 841 1214 decocta.
896 1179 1086 1213 miscetur
1102 1181 1143 1212 et
1159 1174 1308 1224 malag-

132 1234 248 1268 matis
291 1237 333 1267 et
373 1231 540 1281 collyriis
582 1231 771 1267 claritatis
813 1243 944 1273 causa,
986 1233 1308 1266 sternutamento

184 1305 196 1324 ¹
219 1308 303 1346 pota
320 1308 355 1335 et
373 1304 551 1335 decoctum
569 1306 651 1341 eius,
670 1306 752 1335 item
771 1305 918 1345 pectoris
936 1304 1049 1339 Vitiis;
1082 1304 1215 1333 urinam
1233 1303 1310 1337 ciet,

137 1348 255 1378 alvum
278 1347 394 1384 solvit,
419 1348 542 1379 vulvas
565 1352 700 1389 purgat,
727 1347 949 1387 quamobrem
973 1356 1114 1377 aureum
1138 1346 1310 1386 potorium

138 1391 260 1422 medici
275 1394 411 1421 vocant.
459 1401 498 1421 ea
514 1394 549 1421 et·
564 1401 604 1421 ex
621 1391 720 1421 melle
735 1390 874 1430 prodest
889 1400 944 1430 eyo
959 1401 966 1420 ι
995 1393 1030 1420 et
1046 1389 1225 1419 decoctum
1239 1389 1311 1418 eius

138 1438 234 1474 potu,
263 1435 345 1464 item
375 1435 522 1474 pectoris
550 1435 656 1464 vitiis.
702 1434 836 1464 urinam
866 1435 942 1469 ciet,
971 1432 1088 1463 alvum
1116 1431 1231 1462 solvit.
1276 1434 1311 1462 et

139 1477 260 1507 vulvas
276 1480 410 1517 purgat,
429 1487 531 1516 quam
549 1476 592 1507 ob
609 1487 679 1507 rem
696 1487 836 1507 aureum
853 1476 973 1507 πεσσὸν
990 1474 1111 1506 medici
1127 1477 1253 1505 vocant
1269 1484 1310 1504 ex

138 1530 189 1550 ea.
221 1530 238 1550 e
256 1519 354 1550 melle
366 1520 505 1559 prodest
519 1519 674 1559 Mayhoff
682 1531 688 1549 z
714 1519 855 1550 decocto
867 1520 939 1549 eius
954 1522 1050 1559 poto,
1065 1518 1149 1548 item
1165 1517 1312 1558 pectoris

139 1563 244 1593 vitiis.
290 1563 423 1592 urinam
435 1563 511 1598 ciet,
523 1561 639 1592 alvum
649 1561 753 1592 solvit
764 1565 799 1592 et
810 1562 932 1592 vulvas
942 1564 1078 1602 purgat,
1090 1561 1311 1600 quamobrem

139 1615 279 1636 aureum
315 1606 472 1645 poterion
506 1605 629 1635 medici
657 1608 794 1636 vocant.
841 1615 881 1635 ea
909 1608 945 1635 et
973 1614 1015 1634 ex
1044 1603 1143 1634 melle
1173 1603 1312 1643 prodest

139 1647 324 1689 Dellefsen:
361 1649 436 1688 ipsa
464 1653 521 1679 ant
543 1649 653 1688 ipsam
677 1647 749 1679 sine
772 1652 807 1678 et
829 1653 904 1678 (mle
927 1647 1124 1682 decoctum3
1152 1646 1310 1681 decoeta;

139 1694 224 1731 potu
240 1695 297 1721 aut
317 1694 401 1731 poto
417 1695 474 1721 aut
497 1695 598 1730 pota;
626 1692 745 1731 pecion
768 1695 825 1721 aut
848 1690 979 1731 pectori
998 1694 1057 1720 aut
1078 1689 1243 1730 petiti0n;
1270 1698 1311 1718 ex

139 1744 179 1765 ea
196 1737 231 1764 et
247 1733 334 1764 codd.
376 1733 426 1773 Cf.
446 1734 619 1765 XXXIII.
639 1735 653 1773 ξ
672 1734 732 1766 136
750 1733 842 1764 mille
858 1734 1022 1764 convivas
1037 1731 1184 1764 totidem
1203 1732 1312 1763 aureis

140 1777 294 1817 potoriis.

179 1875 192 1890 ‘²
217 1871 335 1902 Sanies
346 1871 373 1901 is
385 1871 460 1902 said
471 1871 516 1912 by
527 1871 640 1902 Celsus
655 1871 707 1910 (V.
720 1871 772 1906 26,
787 1871 841 1911 20)
854 1873 892 1901 to
905 1870 946 1901 be
957 1870 1095 1901 thinner
1104 1869 1189 1900 than
1200 1869 1312 1905 blood,

134 1915 277 1955 varying
292 1914 375 1944 both
391 1915 425 1945 in
440 1914 613 1945 thickness
627 1914 696 1944 and
712 1914 837 1950 eolour,
855 1913 953 1944 while
968 1923 1032 1953 pus
1047 1913 1075 1943 is
1091 1912 1149 1943 the
1165 1912 1313 1943 thickest

135 1957 203 1988 and
227 1957 364 1987 whitest
385 1957 423 1988 of
443 1958 501 1988 the
524 1957 629 1993 three,
654 1967 746 1987 more
768 1956 881 1997 sticky
903 1956 989 1987 than
1011 1955 1121 1987 either
1142 1955 1253 1986 sanies
1276 1965 1313 1986 or

135 2000 248 2031 blood.
296 1999 394 2040 Pliny
408 2001 436 2030 is
450 2000 610 2041 thinking
626 1999 665 2030 of
677 1999 735 2030 the
752 1999 927 2040 discharge
943 1999 1031 2030 from
1047 2009 1067 2029 a
1083 1998 1246 2038 dog-bite.

141 2057 184 2092 70
