<?xml version="1.0" encoding="UTF-8"?>
<!DOCTYPE html PUBLIC "-//W3C//DTD XHTML 1.0 Transitional//EN"
    "http://www.w3.org/TR/xhtml1/DTD/xhtml1-transitional.dtd">
<html xmlns="http://www.w3.org/1999/xhtml" xml:lang="en" lang="en">
 <head>
  <title>
</title>
<meta http-equiv="Content-Type" content="text/html;charset=utf-8" />
  <meta name='ocr-system' content='tesseract 3.04.00' />
  <meta name='ocr-capabilities' content='ocr_page ocr_carea ocr_par ocr_line ocrx_word'/>
</head>
<body>
  <div class='ocr_page' id='page_1' title='image "./naturalhistory07plinuoft_0410.png"; bbox 0 0 1459 2288; ppageno 0'>
   <div class='ocr_carea' id='block_1_1' title="bbox 379 227 1157 266">
    <p class='ocr_par' dir='ltr' id='par_1_1' title="bbox 379 227 1157 266">
     <span class='ocr_line' id='line_1_1' title="bbox 379 227 1157 266; baseline 0.001 -2"><span class='ocrx_word' id='word_1_1' title='bbox 379 227 575 265; x_wconf 89' lang='lat' dir='ltr'>PLINY:</span> <span class='ocrx_word' id='word_1_2' title='bbox 623 228 886 265; x_wconf 86' lang='lat' dir='ltr'><strong>NATURAL</strong></span> <span class='ocrx_word' id='word_1_3' title='bbox 920 228 1157 266; x_wconf 89' lang='lat' dir='ltr'>HISTORY</span> 
     </span>
    </p>
   </div>
   <div class='ocr_carea' id='block_1_2' title="bbox 144 331 1365 1455">
    <p class='ocr_par' dir='ltr' id='par_1_2' title="bbox 188 331 1365 528">
     <span class='ocr_line' id='line_1_2' title="bbox 189 331 1365 382; baseline 0.001 -15"><span class='ocrx_word' id='word_1_4' title='bbox 189 331 315 367; x_wconf 90' lang='lat' dir='ltr'>nubes</span> <span class='ocrx_word' id='word_1_5' title='bbox 345 334 438 381; x_wconf 88' lang='lat' dir='ltr'>iuga</span> <span class='ocrx_word' id='word_1_6' title='bbox 466 337 683 381; x_wconf 86' lang='lat' dir='ltr'>partusque</span> <span class='ocrx_word' id='word_1_7' title='bbox 714 345 849 368; x_wconf 90' lang='lat' dir='ltr'>eorum</span> <span class='ocrx_word' id='word_1_8' title='bbox 880 338 921 369; x_wconf 85' lang='lat' dir='ltr'>et</span> <span class='ocrx_word' id='word_1_9' title='bbox 949 331 1091 368; x_wconf 80' lang='lat' dir='ltr'><strong>herbas</strong></span> <span class='ocrx_word' id='word_1_10' title='bbox 1122 345 1279 382; x_wconf 91' lang='lat' dir='ltr'>quoque</span> <span class='ocrx_word' id='word_1_11' title='bbox 1308 334 1365 368; x_wconf 92' lang='lat' dir='ltr'>in-</span> 
     </span>
     <span class='ocr_line' id='line_1_3' title="bbox 190 385 1365 435; baseline 0.001 -15"><span class='ocrx_word' id='word_1_12' title='bbox 190 387 317 421; x_wconf 80' lang='lat' dir='ltr'>vicem</span> <span class='ocrx_word' id='word_1_13' title='bbox 358 390 603 421; x_wconf 73' lang='lat' dir='ltr'>ostentante.</span> <span class='ocrx_word' id='word_1_14' title='bbox 658 390 867 421; x_wconf 88' lang='lat' dir='ltr'>aeternum</span> <span class='ocrx_word' id='word_1_15' title='bbox 909 398 1069 435; x_wconf 76' lang='lat' dir='ltr'>quaeso,</span> <span class='ocrx_word' id='word_1_16' title='bbox 1110 385 1275 422; x_wconf 87' lang='lat' dir='ltr'>deorum</span> <span class='ocrx_word' id='word_1_17' title='bbox 1314 388 1365 421; x_wconf 91' lang='lat' dir='ltr'>sit</span> 
     </span>
     <span class='ocr_line' id='line_1_4' title="bbox 188 438 1363 475; baseline 0.002 -2"><span class='ocrx_word' id='word_1_18' title='bbox 188 451 332 474; x_wconf 89' lang='lat' dir='ltr'>munus</span> <span class='ocrx_word' id='word_1_19' title='bbox 363 438 490 474; x_wconf 80' lang='lat' dir='ltr'>istud!</span> <span class='ocrx_word' id='word_1_20' title='bbox 537 438 638 474; x_wconf 86' lang='lat' dir='ltr'>adeo</span> <span class='ocrx_word' id='word_1_21' title='bbox 669 438 866 475; x_wconf 87' lang='lat' dir='ltr'>Romanos</span> <span class='ocrx_word' id='word_1_22' title='bbox 899 439 1007 475; x_wconf 80' lang='lat' dir='ltr'>velut</span> <span class='ocrx_word' id='word_1_23' title='bbox 1038 438 1206 475; x_wconf 85' lang='lat' dir='ltr'>alteram</span> <span class='ocrx_word' id='word_1_24' title='bbox 1235 438 1363 475; x_wconf 86' lang='lat' dir='ltr'>lucem</span> 
     </span>
     <span class='ocr_line' id='line_1_5' title="bbox 188 490 898 528; baseline 0.001 -1"><span class='ocrx_word' id='word_1_25' title='bbox 188 491 345 527; x_wconf 83' lang='lat' dir='ltr'>dedisse</span> <span class='ocrx_word' id='word_1_26' title='bbox 364 492 482 527; x_wconf 91' lang='lat' dir='ltr'>rebus</span> <span class='ocrx_word' id='word_1_27' title='bbox 500 490 682 528; x_wconf 88' lang='lat' dir='ltr'>humanis</span> <span class='ocrx_word' id='word_1_28' title='bbox 701 491 898 528; x_wconf 81' lang='lat' dir='ltr'>videntur.</span> 
     </span>
    </p>

    <p class='ocr_par' dir='ltr' id='par_1_3' title="bbox 149 543 1365 1021">
     <span class='ocr_line' id='line_1_6' title="bbox 149 543 1364 594; baseline 0.002 -15"><span class='ocrx_word' id='word_1_29' title='bbox 149 549 169 578; x_wconf 89' lang='lat'>4</span> <span class='ocrx_word' id='word_1_30' title='bbox 242 544 293 580; x_wconf 92' lang='lat' dir='ltr'>II.</span> <span class='ocrx_word' id='word_1_31' title='bbox 324 543 401 581; x_wconf 87' lang='lat' dir='ltr'>Sed</span> <span class='ocrx_word' id='word_1_32' title='bbox 442 547 695 594; x_wconf 90' lang='lat' dir='ltr'>antiquorum</span> <span class='ocrx_word' id='word_1_33' title='bbox 735 558 868 581; x_wconf 86' lang='lat' dir='ltr'>curam</span> <span class='ocrx_word' id='word_1_34' title='bbox 907 545 1238 594; x_wconf 80' lang='lat' dir='ltr'>diligentiamque</span> <span class='ocrx_word' id='word_1_35' title='bbox 1278 547 1364 594; x_wconf 87' lang='lat' dir='ltr'>quis</span> 
     </span>
     <span class='ocr_line' id='line_1_7' title="bbox 187 598 1364 647; baseline 0.001 -14"><span class='ocrx_word' id='word_1_36' title='bbox 187 600 311 647; x_wconf 79' lang='lat' dir='ltr'>possit</span> <span class='ocrx_word' id='word_1_37' title='bbox 343 600 438 634; x_wconf 87' lang='lat' dir='ltr'>satis</span> <span class='ocrx_word' id='word_1_38' title='bbox 470 598 677 634; x_wconf 84' lang='lat' dir='ltr'>venerari?</span> <span class='ocrx_word' id='word_1_39' title='bbox 725 604 882 635; x_wconf 85' lang='lat' dir='ltr'>constat</span> <span class='ocrx_word' id='word_1_40' title='bbox 914 601 1090 634; x_wconf 89' lang='lat' dir='ltr'>omnium</span> <span class='ocrx_word' id='word_1_41' title='bbox 1121 611 1364 634; x_wconf 83' lang='lat' dir='ltr'>venenorum</span> 
     </span>
     <span class='ocr_line' id='line_1_8' title="bbox 188 651 1363 701; baseline 0 -14"><span class='ocrx_word' id='word_1_42' title='bbox 188 653 411 687; x_wconf 86' lang='lat' dir='ltr'>ocissimum</span> <span class='ocrx_word' id='word_1_43' title='bbox 429 664 514 687; x_wconf 92' lang='lat' dir='ltr'>esse</span> <span class='ocrx_word' id='word_1_44' title='bbox 533 654 735 688; x_wconf 83' lang='lat' dir='ltr'>aconitum</span> <span class='ocrx_word' id='word_1_45' title='bbox 754 657 795 688; x_wconf 87' lang='lat' dir='ltr'>et</span> <span class='ocrx_word' id='word_1_46' title='bbox 812 654 930 688; x_wconf 86' lang='lat' dir='ltr'>tactis</span> <span class='ocrx_word' id='word_1_47' title='bbox 948 664 1106 700; x_wconf 89' lang='lat' dir='ltr'>quoque</span> <span class='ocrx_word' id='word_1_48' title='bbox 1123 651 1363 701; x_wconf 84' lang='lat' dir='ltr'>genitalibus</span> 
     </span>
     <span class='ocr_line' id='line_1_9' title="bbox 186 703 1362 741; baseline 0.001 -1"><span class='ocrx_word' id='word_1_49' title='bbox 186 703 366 740; x_wconf 87' lang='lat' dir='ltr'>feminini</span> <span class='ocrx_word' id='word_1_50' title='bbox 385 717 502 741; x_wconf 88' lang='lat' dir='ltr'>sexus</span> <span class='ocrx_word' id='word_1_51' title='bbox 522 704 752 741; x_wconf 89' lang='lat' dir='ltr'>animalium</span> <span class='ocrx_word' id='word_1_52' title='bbox 772 704 913 741; x_wconf 88' lang='lat' dir='ltr'>eodem</span> <span class='ocrx_word' id='word_1_53' title='bbox 933 704 997 741; x_wconf 93' lang='lat' dir='ltr'>die</span> <span class='ocrx_word' id='word_1_54' title='bbox 1016 703 1161 741; x_wconf 87' lang='lat' dir='ltr'>inferre</span> <span class='ocrx_word' id='word_1_55' title='bbox 1179 710 1362 741; x_wconf 88' lang='lat' dir='ltr'>mortem.</span> 
     </span>
     <span class='ocr_line' id='line_1_10' title="bbox 186 756 1365 807; baseline 0.001 -14"><span class='ocrx_word' id='word_1_56' title='bbox 186 756 260 793; x_wconf 93' lang='lat' dir='ltr'>hoc</span> <span class='ocrx_word' id='word_1_57' title='bbox 298 756 374 794; x_wconf 84' lang='lat' dir='ltr'>fuit</span> <span class='ocrx_word' id='word_1_58' title='bbox 410 771 610 794; x_wconf 73' lang='lat' dir='ltr'>venenum</span> <span class='ocrx_word' id='word_1_59' title='bbox 648 771 726 807; x_wconf 90' lang='lat' dir='ltr'>quo</span> <span class='ocrx_word' id='word_1_60' title='bbox 762 761 1025 807; x_wconf 84' lang='lat' dir='ltr'>interemptas</span> <span class='ocrx_word' id='word_1_61' title='bbox 1062 758 1304 794; x_wconf 82' lang='lat' dir='ltr'>dormientes</span> <span class='ocrx_word' id='word_1_62' title='bbox 1341 771 1365 794; x_wconf 89' lang='lat' dir='ltr'>a</span> 
     </span>
     <span class='ocr_line' id='line_1_11' title="bbox 186 810 1362 860; baseline 0 -13"><span class='ocrx_word' id='word_1_63' title='bbox 186 810 399 860; x_wconf 87' lang='lat' dir='ltr'>Calpurnio</span> <span class='ocrx_word' id='word_1_64' title='bbox 412 810 547 848; x_wconf 85' lang='lat' dir='ltr'>Bestia</span> <span class='ocrx_word' id='word_1_65' title='bbox 560 824 702 848; x_wconf 82' lang='lat' dir='ltr'>uxores</span> <span class='ocrx_word' id='word_1_66' title='bbox 719 810 776 848; x_wconf 87' lang='lat' dir='ltr'>M.</span> <span class='ocrx_word' id='word_1_67' title='bbox 792 811 971 848; x_wconf 86' lang='lat' dir='ltr'>Caeliusl</span> <span class='ocrx_word' id='word_1_68' title='bbox 986 817 1191 848; x_wconf 86' lang='lat' dir='ltr'>accusator</span> <span class='ocrx_word' id='word_1_69' title='bbox 1204 812 1362 847; x_wconf 86' lang='lat' dir='ltr'>obiecit.</span> 
     </span>
     <span class='ocr_line' id='line_1_12' title="bbox 184 863 1363 914; baseline 0 -14"><span class='ocrx_word' id='word_1_70' title='bbox 184 863 275 900; x_wconf 92' lang='lat' dir='ltr'>hinc</span> <span class='ocrx_word' id='word_1_71' title='bbox 310 864 378 900; x_wconf 92' lang='lat' dir='ltr'>illa</span> <span class='ocrx_word' id='word_1_72' title='bbox 414 871 527 901; x_wconf 82' lang='lat' dir='ltr'>atrox</span> <span class='ocrx_word' id='word_1_73' title='bbox 564 867 763 914; x_wconf 83' lang='lat' dir='ltr'>peroratio</span> <span class='ocrx_word' id='word_1_74' title='bbox 799 868 882 901; x_wconf 90' lang='lat' dir='ltr'>eius</span> <span class='ocrx_word' id='word_1_75' title='bbox 918 867 958 900; x_wconf 91' lang='lat' dir='ltr'>in</span> <span class='ocrx_word' id='word_1_76' title='bbox 994 865 1177 914; x_wconf 83' lang='lat' dir='ltr'>digitum.</span> <span class='ocrx_word' id='word_1_77' title='bbox 1233 871 1363 901; x_wconf 84' lang='lat' dir='ltr'>ortum</span> 
     </span>
     <span class='ocr_line' id='line_1_13' title="bbox 186 916 1363 967; baseline 0.001 -14"><span class='ocrx_word' id='word_1_78' title='bbox 186 916 344 954; x_wconf 88' lang='lat' dir='ltr'>fabulae</span> <span class='ocrx_word' id='word_1_79' title='bbox 366 931 576 954; x_wconf 83' lang='lat' dir='ltr'>narravere</span> <span class='ocrx_word' id='word_1_80' title='bbox 599 931 620 954; x_wconf 93' lang='lat' dir='ltr'>e</span> <span class='ocrx_word' id='word_1_81' title='bbox 642 920 790 967; x_wconf 88' lang='lat' dir='ltr'>spumis</span> <span class='ocrx_word' id='word_1_82' title='bbox 813 918 973 954; x_wconf 90' lang='lat' dir='ltr'>Cerberi</span> <span class='ocrx_word' id='word_1_83' title='bbox 995 920 1102 954; x_wconf 85' lang='lat' dir='ltr'>canis</span> <span class='ocrx_word' id='word_1_84' title='bbox 1125 917 1363 954; x_wconf 81' lang='lat' dir='ltr'>extrahente</span> 
     </span>
     <span class='ocr_line' id='line_1_14' title="bbox 186 969 1363 1021; baseline -0.001 -14"><span class='ocrx_word' id='word_1_85' title='bbox 186 971 236 1007; x_wconf 89' lang='lat' dir='ltr'>ab</span> <span class='ocrx_word' id='word_1_86' title='bbox 263 969 398 1007; x_wconf 90' lang='lat' dir='ltr'>inferis</span> <span class='ocrx_word' id='word_1_87' title='bbox 428 971 601 1008; x_wconf 86' lang='lat' dir='ltr'>Hercule</span> <span class='ocrx_word' id='word_1_88' title='bbox 630 971 800 1020; x_wconf 89' lang='lat' dir='ltr'>ideoque</span> <span class='ocrx_word' id='word_1_89' title='bbox 829 971 935 1021; x_wconf 89' lang='lat' dir='ltr'>apud</span> <span class='ocrx_word' id='word_1_90' title='bbox 965 971 1201 1008; x_wconf 83' lang='lat' dir='ltr'>Heracleam</span> <span class='ocrx_word' id='word_1_91' title='bbox 1230 970 1363 1008; x_wconf 92' lang='lat' dir='ltr'>Ponti-</span> 
     </span>
    </p>

    <p class='ocr_par' dir='ltr' id='par_1_4' title="bbox 144 1023 1363 1394">
     <span class='ocr_line' id='line_1_15' title="bbox 144 1023 1363 1074; baseline 0 -14"><span class='ocrx_word' id='word_1_92' title='bbox 144 1030 164 1059; x_wconf 85' lang='lat'><em>5</em></span> <span class='ocrx_word' id='word_1_93' title='bbox 184 1037 285 1068; x_wconf 86' lang='lat' dir='ltr'>cam,</span> <span class='ocrx_word' id='word_1_94' title='bbox 306 1024 373 1060; x_wconf 91' lang='lat' dir='ltr'>ubi</span> <span class='ocrx_word' id='word_1_95' title='bbox 394 1030 639 1062; x_wconf 88' lang='lat' dir='ltr'>monstratur</span> <span class='ocrx_word' id='word_1_96' title='bbox 659 1027 689 1061; x_wconf 91' lang='lat' dir='ltr'>is</span> <span class='ocrx_word' id='word_1_97' title='bbox 711 1025 761 1061; x_wconf 91' lang='lat' dir='ltr'>ad</span> <span class='ocrx_word' id='word_1_98' title='bbox 781 1023 927 1061; x_wconf 90' lang='lat' dir='ltr'>inferos</span> <span class='ocrx_word' id='word_1_99' title='bbox 949 1024 1093 1068; x_wconf 87' lang='lat' dir='ltr'>aditus,</span> <span class='ocrx_word' id='word_1_100' title='bbox 1114 1027 1236 1074; x_wconf 82' lang='lat' dir='ltr'>gigni.</span> <span class='ocrx_word' id='word_1_101' title='bbox 1289 1023 1363 1060; x_wconf 92' lang='lat' dir='ltr'>hoc</span> 
     </span>
     <span class='ocr_line' id='line_1_16' title="bbox 186 1077 1362 1127; baseline 0 -13"><span class='ocrx_word' id='word_1_102' title='bbox 186 1091 343 1127; x_wconf 89' lang='lat' dir='ltr'>quoque</span> <span class='ocrx_word' id='word_1_103' title='bbox 392 1084 529 1114; x_wconf 86' lang='lat' dir='ltr'>tamen</span> <span class='ocrx_word' id='word_1_104' title='bbox 570 1081 611 1114; x_wconf 92' lang='lat' dir='ltr'>in</span> <span class='ocrx_word' id='word_1_105' title='bbox 652 1091 745 1114; x_wconf 90' lang='lat' dir='ltr'>usus</span> <span class='ocrx_word' id='word_1_106' title='bbox 787 1078 985 1114; x_wconf 82' lang='lat' dir='ltr'>humanae</span> <span class='ocrx_word' id='word_1_107' title='bbox 1028 1077 1164 1114; x_wconf 90' lang='lat' dir='ltr'>salutis</span> <span class='ocrx_word' id='word_1_108' title='bbox 1206 1083 1362 1114; x_wconf 85' lang='lat' dir='ltr'>vertere</span> 
     </span>
     <span class='ocr_line' id='line_1_17' title="bbox 185 1131 1362 1181; baseline -0.001 -14"><span class='ocrx_word' id='word_1_109' title='bbox 185 1134 434 1180; x_wconf 87' lang='lat' dir='ltr'>scorpionum</span> <span class='ocrx_word' id='word_1_110' title='bbox 466 1132 610 1168; x_wconf 89' lang='lat' dir='ltr'>ictibus</span> <span class='ocrx_word' id='word_1_111' title='bbox 644 1131 841 1168; x_wconf 85' lang='lat' dir='ltr'>adversari</span> <span class='ocrx_word' id='word_1_112' title='bbox 876 1131 1119 1181; x_wconf 83' lang='lat' dir='ltr'>experiendo</span> <span class='ocrx_word' id='word_1_113' title='bbox 1150 1131 1291 1168; x_wconf 82' lang='lat' dir='ltr'>datum</span> <span class='ocrx_word' id='word_1_114' title='bbox 1323 1133 1362 1167; x_wconf 91' lang='lat' dir='ltr'>in</span> 
     </span>
     <span class='ocr_line' id='line_1_18' title="bbox 185 1184 1362 1222; baseline 0 -2"><span class='ocrx_word' id='word_1_115' title='bbox 185 1187 274 1221; x_wconf 85' lang='lat' dir='ltr'>vino</span> <span class='ocrx_word' id='word_1_116' title='bbox 298 1184 437 1221; x_wconf 88' lang='lat' dir='ltr'>calido.</span> <span class='ocrx_word' id='word_1_117' title='bbox 494 1198 541 1221; x_wconf 89' lang='lat' dir='ltr'>ea</span> <span class='ocrx_word' id='word_1_118' title='bbox 566 1191 626 1222; x_wconf 88' lang='lat' dir='ltr'>est</span> <span class='ocrx_word' id='word_1_119' title='bbox 650 1191 794 1221; x_wconf 86' lang='lat' dir='ltr'>natura</span> <span class='ocrx_word' id='word_1_120' title='bbox 817 1191 863 1221; x_wconf 89' lang='lat' dir='ltr'>ut</span> <span class='ocrx_word' id='word_1_121' title='bbox 886 1184 1087 1221; x_wconf 91' lang='lat' dir='ltr'>hominem</span> <span class='ocrx_word' id='word_1_122' title='bbox 1112 1184 1267 1222; x_wconf 85' lang='lat' dir='ltr'>occidat</span> <span class='ocrx_word' id='word_1_123' title='bbox 1290 1186 1362 1220; x_wconf 86' lang='lat' dir='ltr'>nisi</span> 
     </span>
     <span class='ocr_line' id='line_1_19' title="bbox 185 1237 1362 1287; baseline -0.001 -13"><span class='ocrx_word' id='word_1_124' title='bbox 185 1240 381 1275; x_wconf 81' lang='lat' dir='ltr'>invenerit</span> <span class='ocrx_word' id='word_1_125' title='bbox 418 1238 525 1287; x_wconf 88' lang='lat' dir='ltr'>quod</span> <span class='ocrx_word' id='word_1_126' title='bbox 560 1241 600 1274; x_wconf 90' lang='lat' dir='ltr'>in</span> <span class='ocrx_word' id='word_1_127' title='bbox 635 1237 796 1274; x_wconf 91' lang='lat' dir='ltr'>homine</span> <span class='ocrx_word' id='word_1_128' title='bbox 833 1240 1015 1287; x_wconf 88' lang='lat' dir='ltr'>perimat.</span> <span class='ocrx_word' id='word_1_129' title='bbox 1070 1251 1160 1274; x_wconf 90' lang='lat' dir='ltr'>cum</span> <span class='ocrx_word' id='word_1_130' title='bbox 1197 1251 1244 1274; x_wconf 90' lang='lat' dir='ltr'>eo</span> <span class='ocrx_word' id='word_1_131' title='bbox 1280 1237 1362 1274; x_wconf 91' lang='lat' dir='ltr'>solo</span> 
     </span>
     <span class='ocr_line' id='line_1_20' title="bbox 184 1290 1362 1341; baseline -0.001 -14"><span class='ocrx_word' id='word_1_132' title='bbox 184 1291 449 1335; x_wconf 84' lang='lat' dir='ltr'>conluctatur,</span> <span class='ocrx_word' id='word_1_133' title='bbox 469 1290 641 1332; x_wconf 75' lang='lat' dir='ltr'>‘l&#39;veluti2</span> <span class='ocrx_word' id='word_1_134' title='bbox 656 1291 930 1341; x_wconf 84' lang='lat' dir='ltr'>praesentius³</span> <span class='ocrx_word' id='word_1_135' title='bbox 945 1291 1147 1332; x_wconf 81' lang='lat' dir='ltr'>invento.†</span> <span class='ocrx_word' id='word_1_136' title='bbox 1167 1291 1249 1328; x_wconf 88' lang='lat' dir='ltr'>sola</span> <span class='ocrx_word' id='word_1_137' title='bbox 1263 1291 1362 1327; x_wconf 92' lang='lat' dir='ltr'>haec</span> 
     </span>
     <span class='ocr_line' id='line_1_21' title="bbox 184 1343 1361 1394; baseline 0 -13"><span class='ocrx_word' id='word_1_138' title='bbox 184 1358 318 1394; x_wconf 88' lang='lat' dir='ltr'>pugna</span> <span class='ocrx_word' id='word_1_139' title='bbox 360 1351 434 1388; x_wconf 87' lang='lat' dir='ltr'>est,</span> <span class='ocrx_word' id='word_1_140' title='bbox 475 1358 565 1381; x_wconf 89' lang='lat' dir='ltr'>cum</span> <span class='ocrx_word' id='word_1_141' title='bbox 607 1358 806 1381; x_wconf 81' lang='lat' dir='ltr'>venenum</span> <span class='ocrx_word' id='word_1_142' title='bbox 846 1348 886 1381; x_wconf 91' lang='lat' dir='ltr'>in</span> <span class='ocrx_word' id='word_1_143' title='bbox 927 1346 1140 1381; x_wconf 84' lang='lat' dir='ltr'>visceribus</span> <span class='ocrx_word' id='word_1_144' title='bbox 1180 1343 1361 1394; x_wconf 83' lang='lat' dir='ltr'>reperit‚4</span> 
     </span>
    </p>

    <p class='ocr_par' dir='ltr' id='par_1_5' title="bbox 236 1413 1361 1455">
     <span class='ocr_line' id='line_1_22' title="bbox 236 1413 1361 1455; baseline 0 -11"><span class='ocrx_word' id='word_1_145' title='bbox 236 1414 247 1432; x_wconf 79' lang='lat'>¹</span> <span class='ocrx_word' id='word_1_146' title='bbox 271 1413 402 1445; x_wconf 86' lang='lat' dir='ltr'>Caelius</span> <span class='ocrx_word' id='word_1_147' title='bbox 420 1414 583 1445; x_wconf 78' lang='lat' dir='ltr'>Ruhnken</span> <span class='ocrx_word' id='word_1_148' title='bbox 601 1414 644 1444; x_wconf 80' lang='lat' dir='ltr'>ad</span> <span class='ocrx_word' id='word_1_149' title='bbox 668 1413 745 1445; x_wconf 79' lang='lat' dir='ltr'>Vell.</span> <span class='ocrx_word' id='word_1_150' title='bbox 765 1414 839 1445; x_wconf 81' lang='lat' dir='ltr'>Pat.</span> <span class='ocrx_word' id='word_1_151' title='bbox 859 1414 900 1445; x_wconf 93' lang='lat' dir='ltr'>II</span> <span class='ocrx_word' id='word_1_152' title='bbox 921 1415 972 1451; x_wconf 83' lang='lat'>68,</span> <span class='ocrx_word' id='word_1_153' title='bbox 992 1413 1166 1455; x_wconf 76' lang='lat' dir='ltr'>Mayhoff:</span> <span class='ocrx_word' id='word_1_154' title='bbox 1199 1413 1361 1445; x_wconf 83' lang='lat' dir='ltr'>Caecilius</span> 
     </span>
    </p>
   </div>
   <div class='ocr_carea' id='block_1_3' title="bbox 187 1456 1358 1669">
    <p class='ocr_par' dir='ltr' id='par_1_6' title="bbox 188 1456 479 1496">
     <span class='ocr_line' id='line_1_23' title="bbox 188 1456 479 1496; baseline 0 -9"><span class='ocrx_word' id='word_1_155' title='bbox 188 1456 289 1493; x_wconf 67' lang='lat' dir='ltr'>codd„</span> <span class='ocrx_word' id='word_1_156' title='bbox 305 1456 479 1496; x_wconf 76' lang='lat' dir='ltr'>Detlefsen.</span> 
     </span>
    </p>

    <p class='ocr_par' dir='ltr' id='par_1_7' title="bbox 234 1499 593 1539">
     <span class='ocr_line' id='line_1_24' title="bbox 234 1499 593 1539; baseline 0 -9"><span class='ocrx_word' id='word_1_157' title='bbox 234 1500 245 1518; x_wconf 76' lang='lat'><strong>²</strong></span> <span class='ocrx_word' id='word_1_158' title='bbox 268 1499 389 1539; x_wconf 83' lang='lat' dir='ltr'>veluti]</span> <span class='ocrx_word' id='word_1_159' title='bbox 405 1500 520 1530; x_wconf 81' lang='lat' dir='ltr'>velum</span> <span class='ocrx_word' id='word_1_160' title='bbox 536 1500 593 1530; x_wconf 77' lang='lat' dir='ltr'>Vl.</span> 
     </span>
    </p>

    <p class='ocr_par' dir='ltr' id='par_1_8' title="bbox 187 1542 1358 1626">
     <span class='ocr_line' id='line_1_25' title="bbox 232 1542 1358 1584; baseline 0.001 -11"><span class='ocrx_word' id='word_1_161' title='bbox 232 1543 244 1561; x_wconf 82' lang='lat'><strong>³</strong></span> <span class='ocrx_word' id='word_1_162' title='bbox 267 1544 479 1583; x_wconf 86' lang='lat' dir='ltr'>praesentius</span> <span class='ocrx_word' id='word_1_163' title='bbox 501 1543 545 1573; x_wconf 79' lang='lat' dir='ltr'>V2</span> <span class='ocrx_word' id='word_1_164' title='bbox 567 1543 664 1582; x_wconf 65' lang='lat' dir='ltr'><em>vulq„</em></span> <span class='ocrx_word' id='word_1_165' title='bbox 686 1543 872 1582; x_wconf 78' lang='lat' dir='ltr'>Detlejsen:</span> <span class='ocrx_word' id='word_1_166' title='bbox 901 1547 997 1584; x_wconf 83' lang='lat' dir='ltr'>parte</span> <span class='ocrx_word' id='word_1_167' title='bbox 1019 1543 1112 1574; x_wconf 89' lang='lat' dir='ltr'>intus</span> <span class='ocrx_word' id='word_1_168' title='bbox 1131 1542 1229 1573; x_wconf 81' lang='lat' dir='ltr'>multi</span> <span class='ocrx_word' id='word_1_169' title='bbox 1249 1542 1358 1575; x_wconf 82' lang='lat' dir='ltr'>codd.:</span> 
     </span>
     <span class='ocr_line' id='line_1_26' title="bbox 187 1585 778 1626; baseline 0 -10"><span class='ocrx_word' id='word_1_170' title='bbox 187 1586 261 1626; x_wconf 86' lang='lat' dir='ltr'>pari</span> <span class='ocrx_word' id='word_1_171' title='bbox 276 1586 369 1616; x_wconf 85' lang='lat' dir='ltr'>intus</span> <span class='ocrx_word' id='word_1_172' title='bbox 385 1586 585 1616; x_wconf 77' lang='lat' dir='ltr'>Hermolaus</span> <span class='ocrx_word' id='word_1_173' title='bbox 599 1585 778 1617; x_wconf 78' lang='lat' dir='ltr'>Barbarus.</span> 
     </span>
    </p>

    <p class='ocr_par' dir='ltr' id='par_1_9' title="bbox 232 1628 1134 1669">
     <span class='ocr_line' id='line_1_27' title="bbox 232 1628 1134 1669; baseline 0 -10"><span class='ocrx_word' id='word_1_174' title='bbox 232 1629 245 1647; x_wconf 73' lang='lat'><strong>⁴</strong></span> <span class='ocrx_word' id='word_1_175' title='bbox 267 1628 338 1659; x_wconf 84' lang='lat' dir='ltr'>sola</span> <span class='ocrx_word' id='word_1_176' title='bbox 363 1654 370 1660; x_wconf 90' lang='lat'>.</span> <span class='ocrx_word' id='word_1_177' title='bbox 397 1653 404 1660; x_wconf 92' lang='lat'>.</span> <span class='ocrx_word' id='word_1_178' title='bbox 431 1653 438 1660; x_wconf 90' lang='lat'>.</span> <span class='ocrx_word' id='word_1_179' title='bbox 462 1629 588 1669; x_wconf 87' lang='lat' dir='ltr'>reperit</span> <span class='ocrx_word' id='word_1_180' title='bbox 605 1629 641 1659; x_wconf 82' lang='lat' dir='ltr'>in</span> <span class='ocrx_word' id='word_1_181' title='bbox 656 1629 752 1659; x_wconf 76' lang='lat' dir='ltr'>uncis</span> <span class='ocrx_word' id='word_1_182' title='bbox 769 1629 797 1660; x_wconf 93' lang='lat' dir='ltr'>I.</span> <span class='ocrx_word' id='word_1_183' title='bbox 816 1628 953 1665; x_wconf 59' lang='lat' dir='ltr'>Mamer,</span> <span class='ocrx_word' id='word_1_184' title='bbox 971 1628 1134 1669; x_wconf 66' lang='lat' dir='ltr'>fllayhoff.</span> 
     </span>
    </p>
   </div>
   <div class='ocr_carea' id='block_1_4' title="bbox 180 1700 1359 2170">
    <p class='ocr_par' dir='ltr' id='par_1_10' title="bbox 180 1700 1359 2170">
     <span class='ocr_line' id='line_1_28' title="bbox 228 1700 1358 1742; baseline 0 -10"><span class='ocrx_word' id='word_1_185' title='bbox 228 1704 243 1719; x_wconf 75' lang='lat'><em>⁰</em></span> <span class='ocrx_word' id='word_1_186' title='bbox 265 1700 440 1732; x_wconf 88' lang='lat' dir='ltr'>Detlefsen</span> <span class='ocrx_word' id='word_1_187' title='bbox 460 1701 528 1732; x_wconf 86' lang='lat' dir='ltr'>and</span> <span class='ocrx_word' id='word_1_188' title='bbox 548 1701 705 1742; x_wconf 84' lang='lat' dir='ltr'>Mayhoff</span> <span class='ocrx_word' id='word_1_189' title='bbox 721 1711 819 1742; x_wconf 84' lang='lat' dir='ltr'>agree</span> <span class='ocrx_word' id='word_1_190' title='bbox 839 1701 873 1732; x_wconf 91' lang='lat' dir='ltr'>in</span> <span class='ocrx_word' id='word_1_191' title='bbox 893 1701 1032 1741; x_wconf 76' lang='lat' dir='ltr'>reading</span> <span class='ocrx_word' id='word_1_192' title='bbox 1051 1711 1127 1732; x_wconf 81' lang='lat' dir='ltr'>eum</span> <span class='ocrx_word' id='word_1_193' title='bbox 1146 1711 1182 1732; x_wconf 88' lang='lat' dir='ltr'>eo</span> <span class='ocrx_word' id='word_1_194' title='bbox 1200 1701 1268 1732; x_wconf 74' lang='lat' dir='ltr'>solo</span> <span class='ocrx_word' id='word_1_195' title='bbox 1286 1711 1358 1732; x_wconf 80' lang='lat' dir='ltr'>con-</span> 
     </span>
     <span class='ocr_line' id='line_1_29' title="bbox 181 1743 1353 1784; baseline 0 -10"><span class='ocrx_word' id='word_1_196' title='bbox 181 1743 331 1781; x_wconf 74' lang='lat' dir='ltr'>luctatur,</span> <span class='ocrx_word' id='word_1_197' title='bbox 350 1743 447 1774; x_wconf 80' lang='lat' dir='ltr'>veluti</span> <span class='ocrx_word' id='word_1_198' title='bbox 458 1744 668 1784; x_wconf 71' lang='lat' dir='ltr'>praesentius</span> <span class='ocrx_word' id='word_1_199' title='bbox 684 1744 824 1775; x_wconf 74' lang='lat' dir='ltr'>invento.</span> <span class='ocrx_word' id='word_1_200' title='bbox 870 1743 1026 1784; x_wconf 85' lang='lat' dir='ltr'>Mayhoff</span> <span class='ocrx_word' id='word_1_201' title='bbox 1039 1744 1123 1775; x_wconf 87' lang='lat' dir='ltr'>adds</span> <span class='ocrx_word' id='word_1_202' title='bbox 1141 1743 1161 1755; x_wconf 89' lang='grc'>“</span> <span class='ocrx_word' id='word_1_203' title='bbox 1175 1743 1305 1774; x_wconf 80' lang='lat' dir='ltr'>invento</span> <span class='ocrx_word' id='word_1_204' title='bbox 1317 1758 1353 1770; x_wconf 72' lang='lat' dir='ltr'><strong><em>z</em></strong></span> 
     </span>
     <span class='ocr_line' id='line_1_30' title="bbox 181 1786 1358 1827; baseline 0 -10"><span class='ocrx_word' id='word_1_205' title='bbox 181 1797 280 1826; x_wconf 75' lang='lat' dir='ltr'>quam</span> <span class='ocrx_word' id='word_1_206' title='bbox 294 1786 498 1818; x_wconf 77' lang='lat' dir='ltr'>inventum.’&#39;</span> <span class='ocrx_word' id='word_1_207' title='bbox 545 1786 644 1818; x_wconf 82' lang='lat' dir='ltr'>After</span> <span class='ocrx_word' id='word_1_208' title='bbox 656 1786 689 1818; x_wconf 82' lang='lat' dir='ltr'>J.</span> <span class='ocrx_word' id='word_1_209' title='bbox 706 1786 836 1823; x_wconf 81' lang='lat' dir='ltr'>Miiller,</span> <span class='ocrx_word' id='word_1_210' title='bbox 850 1786 1008 1827; x_wconf 85' lang='lat' dir='ltr'>Mayhoff</span> <span class='ocrx_word' id='word_1_211' title='bbox 1019 1786 1176 1818; x_wconf 76' lang='lat' dir='ltr'>brackets</span> <span class='ocrx_word' id='word_1_212' title='bbox 1189 1786 1259 1818; x_wconf 75' lang='lat' dir='ltr'>sola</span> <span class='ocrx_word' id='word_1_213' title='bbox 1283 1811 1291 1818; x_wconf 92' lang='lat'>.</span> <span class='ocrx_word' id='word_1_214' title='bbox 1317 1811 1324 1818; x_wconf 98' lang='lat'>.</span> <span class='ocrx_word' id='word_1_215' title='bbox 1350 1811 1358 1818; x_wconf 91' lang='lat'>.</span> 
     </span>
     <span class='ocr_line' id='line_1_31' title="bbox 181 1829 1359 1870; baseline 0 -10"><span class='ocrx_word' id='word_1_216' title='bbox 181 1829 312 1869; x_wconf 80' lang='lat' dir='ltr'>reperit,</span> <span class='ocrx_word' id='word_1_217' title='bbox 325 1829 434 1861; x_wconf 85' lang='lat' dir='ltr'>which</span> <span class='ocrx_word' id='word_1_218' title='bbox 448 1829 612 1870; x_wconf 85' lang='lat' dir='ltr'>certainly</span> <span class='ocrx_word' id='word_1_219' title='bbox 626 1829 720 1860; x_wconf 85' lang='lat' dir='ltr'>looks</span> <span class='ocrx_word' id='word_1_220' title='bbox 733 1829 799 1860; x_wconf 82' lang='lat' dir='ltr'>like</span> <span class='ocrx_word' id='word_1_221' title='bbox 811 1840 831 1860; x_wconf 86' lang='lat' dir='ltr'>a</span> <span class='ocrx_word' id='word_1_222' title='bbox 844 1829 1009 1870; x_wconf 84' lang='lat' dir='ltr'>marginal</span> <span class='ocrx_word' id='word_1_223' title='bbox 1021 1829 1241 1870; x_wconf 77' lang='lat' dir='ltr'>explanation</span> <span class='ocrx_word' id='word_1_224' title='bbox 1254 1829 1293 1860; x_wconf 91' lang='lat' dir='ltr'>of</span> <span class='ocrx_word' id='word_1_225' title='bbox 1300 1829 1359 1860; x_wconf 89' lang='lat' dir='ltr'>the</span> 
     </span>
     <span class='ocr_line' id='line_1_32' title="bbox 181 1872 1357 1913; baseline 0 -10"><span class='ocrx_word' id='word_1_226' title='bbox 181 1873 362 1913; x_wconf 85' lang='lat' dir='ltr'>preceding</span> <span class='ocrx_word' id='word_1_227' title='bbox 383 1876 540 1904; x_wconf 76' lang='lat' dir='ltr'>sentence</span> <span class='ocrx_word' id='word_1_228' title='bbox 561 1873 673 1904; x_wconf 91' lang='lat' dir='ltr'>added</span> <span class='ocrx_word' id='word_1_229' title='bbox 694 1876 730 1903; x_wconf 87' lang='lat' dir='ltr'>to</span> <span class='ocrx_word' id='word_1_230' title='bbox 747 1872 806 1903; x_wconf 90' lang='lat' dir='ltr'>the</span> <span class='ocrx_word' id='word_1_231' title='bbox 825 1876 901 1903; x_wconf 76' lang='lat' dir='ltr'>text</span> <span class='ocrx_word' id='word_1_232' title='bbox 917 1872 963 1913; x_wconf 86' lang='lat' dir='ltr'>by</span> <span class='ocrx_word' id='word_1_233' title='bbox 979 1883 1000 1903; x_wconf 85' lang='lat' dir='ltr'>a</span> <span class='ocrx_word' id='word_1_234' title='bbox 1015 1872 1224 1912; x_wconf 87' lang='lat' dir='ltr'>subsequent</span> <span class='ocrx_word' id='word_1_235' title='bbox 1240 1872 1357 1904; x_wconf 86' lang='lat' dir='ltr'>scribe.</span> 
     </span>
     <span class='ocr_line' id='line_1_33' title="bbox 181 1915 1357 1956; baseline 0 -10"><span class='ocrx_word' id='word_1_236' title='bbox 181 1915 259 1946; x_wconf 82' lang='lat' dir='ltr'>Sola</span> <span class='ocrx_word' id='word_1_237' title='bbox 284 1915 360 1946; x_wconf 77' lang='lat' dir='ltr'>haec</span> <span class='ocrx_word' id='word_1_238' title='bbox 381 1926 496 1956; x_wconf 75' lang='lat' dir='ltr'>puymz</span> <span class='ocrx_word' id='word_1_239' title='bbox 520 1919 567 1946; x_wconf 76' lang='lat' dir='ltr'>est</span> <span class='ocrx_word' id='word_1_240' title='bbox 592 1915 812 1955; x_wconf 85' lang='lat' dir='ltr'>corresponds</span> <span class='ocrx_word' id='word_1_241' title='bbox 837 1919 873 1946; x_wconf 90' lang='lat' dir='ltr'>to</span> <span class='ocrx_word' id='word_1_242' title='bbox 898 1925 974 1946; x_wconf 81' lang='lat' dir='ltr'>cum</span> <span class='ocrx_word' id='word_1_243' title='bbox 997 1925 1033 1946; x_wconf 91' lang='lat' dir='ltr'>eo</span> <span class='ocrx_word' id='word_1_244' title='bbox 1056 1915 1124 1946; x_wconf 76' lang='lat' dir='ltr'>solo</span> <span class='ocrx_word' id='word_1_245' title='bbox 1147 1915 1357 1952; x_wconf 80' lang='lat' dir='ltr'>conluctatur,</span> 
     </span>
     <span class='ocr_line' id='line_1_34' title="bbox 181 1957 1358 1998; baseline 0.001 -10"><span class='ocrx_word' id='word_1_246' title='bbox 181 1959 248 1989; x_wconf 89' lang='lat' dir='ltr'>and</span> <span class='ocrx_word' id='word_1_247' title='bbox 276 1958 393 1998; x_wconf 78' lang='lat' dir='ltr'>reperit</span> <span class='ocrx_word' id='word_1_248' title='bbox 420 1961 456 1989; x_wconf 88' lang='lat' dir='ltr'>to</span> <span class='ocrx_word' id='word_1_249' title='bbox 485 1958 624 1990; x_wconf 60' lang='lat' dir='ltr'>inventa</span> <span class='ocrx_word' id='word_1_250' title='bbox 670 1958 731 1989; x_wconf 81' lang='lat' dir='ltr'>We</span> <span class='ocrx_word' id='word_1_251' title='bbox 754 1958 877 1989; x_wconf 89' lang='lat' dir='ltr'>should</span> <span class='ocrx_word' id='word_1_252' title='bbox 901 1958 1069 1989; x_wconf 86' lang='lat' dir='ltr'>therefore</span> <span class='ocrx_word' id='word_1_253' title='bbox 1093 1961 1215 1998; x_wconf 77' lang='lat' dir='ltr'>expect</span> <span class='ocrx_word' id='word_1_254' title='bbox 1239 1958 1274 1989; x_wconf 90' lang='lat' dir='ltr'>in</span> <span class='ocrx_word' id='word_1_255' title='bbox 1298 1957 1358 1989; x_wconf 84' lang='lat' dir='ltr'>the</span> 
     </span>
     <span class='ocr_line' id='line_1_35' title="bbox 180 2000 1358 2041; baseline -0.001 -9"><span class='ocrx_word' id='word_1_256' title='bbox 180 2000 254 2032; x_wconf 87' lang='lat' dir='ltr'>first</span> <span class='ocrx_word' id='word_1_257' title='bbox 273 2004 431 2032; x_wconf 85' lang='lat' dir='ltr'>sentence</span> <span class='ocrx_word' id='word_1_258' title='bbox 450 2000 643 2041; x_wconf 83' lang='lat' dir='ltr'>something</span> <span class='ocrx_word' id='word_1_259' title='bbox 662 2004 699 2032; x_wconf 88' lang='lat' dir='ltr'>to</span> <span class='ocrx_word' id='word_1_260' title='bbox 720 2001 923 2041; x_wconf 87' lang='lat' dir='ltr'>correspond</span> <span class='ocrx_word' id='word_1_261' title='bbox 942 2004 979 2031; x_wconf 87' lang='lat' dir='ltr'>to</span> <span class='ocrx_word' id='word_1_262' title='bbox 1000 2011 1159 2031; x_wconf 78' lang='lat' dir='ltr'>venenum</span> <span class='ocrx_word' id='word_1_263' title='bbox 1177 2001 1246 2031; x_wconf 85' lang='lat' dir='ltr'>and</span> <span class='ocrx_word' id='word_1_264' title='bbox 1264 2004 1301 2032; x_wconf 88' lang='lat' dir='ltr'>to</span> <span class='ocrx_word' id='word_1_265' title='bbox 1321 2001 1358 2031; x_wconf 79' lang='lat' dir='ltr'>in</span> 
     </span>
     <span class='ocr_line' id='line_1_36' title="bbox 183 2043 1358 2084; baseline 0 -10"><span class='ocrx_word' id='word_1_266' title='bbox 183 2043 367 2074; x_wconf 76' lang='lat' dir='ltr'>visceribus.</span> <span class='ocrx_word' id='word_1_267' title='bbox 415 2044 449 2074; x_wconf 88' lang='lat' dir='ltr'>It</span> <span class='ocrx_word' id='word_1_268' title='bbox 475 2043 586 2084; x_wconf 82' lang='lat' dir='ltr'>might</span> <span class='ocrx_word' id='word_1_269' title='bbox 613 2043 654 2074; x_wconf 89' lang='lat' dir='ltr'>be</span> <span class='ocrx_word' id='word_1_270' title='bbox 683 2054 802 2074; x_wconf 69' lang='lat' dir='ltr'>veneno</span> <span class='ocrx_word' id='word_1_271' title='bbox 828 2044 880 2074; x_wconf 87' lang='lat' dir='ltr'>for</span> <span class='ocrx_word' id='word_1_272' title='bbox 906 2043 965 2074; x_wconf 91' lang='lat' dir='ltr'>the</span> <span class='ocrx_word' id='word_1_273' title='bbox 992 2043 1066 2074; x_wconf 86' lang='lat' dir='ltr'>first</span> <span class='ocrx_word' id='word_1_274' title='bbox 1091 2043 1159 2074; x_wconf 83' lang='lat' dir='ltr'>and</span> <span class='ocrx_word' id='word_1_275' title='bbox 1186 2043 1278 2074; x_wconf 76' lang='lat' dir='ltr'>intus</span> <span class='ocrx_word' id='word_1_276' title='bbox 1306 2043 1358 2074; x_wconf 89' lang='lat' dir='ltr'>for</span> 
     </span>
     <span class='ocr_line' id='line_1_37' title="bbox 181 2086 1356 2126; baseline -0.001 -9"><span class='ocrx_word' id='word_1_277' title='bbox 181 2086 240 2117; x_wconf 82' lang='lat' dir='ltr'>the</span> <span class='ocrx_word' id='word_1_278' title='bbox 263 2086 397 2117; x_wconf 86' lang='lat' dir='ltr'>second.</span> <span class='ocrx_word' id='word_1_279' title='bbox 451 2086 521 2117; x_wconf 90' lang='lat' dir='ltr'>The</span> <span class='ocrx_word' id='word_1_280' title='bbox 544 2086 651 2117; x_wconf 84' lang='lat' dir='ltr'>whole</span> <span class='ocrx_word' id='word_1_281' title='bbox 674 2086 787 2117; x_wconf 75' lang='lat' dir='ltr'>would</span> <span class='ocrx_word' id='word_1_282' title='bbox 807 2086 848 2117; x_wconf 93' lang='lat' dir='ltr'>be</span> <span class='ocrx_word' id='word_1_283' title='bbox 872 2096 990 2117; x_wconf 82' lang='lat' dir='ltr'>veneno</span> <span class='ocrx_word' id='word_1_284' title='bbox 1007 2086 1174 2126; x_wconf 72' lang='lat' dir='ltr'>praesenti</span> <span class='ocrx_word' id='word_1_285' title='bbox 1195 2086 1286 2116; x_wconf 75' lang='lat' dir='ltr'>intus</span> <span class='ocrx_word' id='word_1_286' title='bbox 1306 2086 1356 2116; x_wconf 83' lang='lat' dir='ltr'>in-</span> 
     </span>
     <span class='ocr_line' id='line_1_38' title="bbox 182 2128 1353 2170; baseline -0.001 -10"><span class='ocrx_word' id='word_1_287' title='bbox 182 2132 282 2166; x_wconf 79' lang='lat' dir='ltr'>vento,</span> <span class='ocrx_word' id='word_1_288' title='bbox 310 2128 403 2160; x_wconf 82' lang='lat' dir='ltr'>“the</span> <span class='ocrx_word' id='word_1_289' title='bbox 429 2129 660 2170; x_wconf 84' lang='lat' dir='ltr'>quick—aeting</span> <span class='ocrx_word' id='word_1_290' title='bbox 685 2130 804 2170; x_wconf 85' lang='lat' dir='ltr'>poison</span> <span class='ocrx_word' id='word_1_291' title='bbox 828 2129 936 2160; x_wconf 86' lang='lat' dir='ltr'>found</span> <span class='ocrx_word' id='word_1_292' title='bbox 962 2128 1104 2160; x_wconf 89' lang='lat' dir='ltr'>inside.’&#39;</span> <span class='ocrx_word' id='word_1_293' title='bbox 1152 2129 1192 2160; x_wconf 90' lang='lat' dir='ltr'>In</span> <span class='ocrx_word' id='word_1_294' title='bbox 1212 2128 1296 2160; x_wconf 93' lang='lat' dir='ltr'>XVI</span> <span class='ocrx_word' id='word_1_295' title='bbox 1315 2129 1353 2160; x_wconf 87' lang='grc'>51</span> 
     </span>
    </p>
   </div>
   <div class='ocr_carea' id='block_1_5' title="bbox 178 2184 249 2221">
    <p class='ocr_par' dir='ltr' id='par_1_11' title="bbox 178 2184 249 2221">
     <span class='ocr_line' id='line_1_39' title="bbox 178 2184 249 2221; baseline 0 0"><span class='ocrx_word' id='word_1_296' title='bbox 178 2184 249 2221; x_wconf 83' lang='grc'>390</span> 
     </span>
    </p>
   </div>
  </div>
 </body>
</html>
