1459 2288
123 278 164 309 59

123 544 165 575 60

122 1078 161 1109 61

392 169 586 207 PLINY:
632 171 895 207 NATURAL
930 171 1166 208 HISTORY

241 272 470 309 XXXVIII.
501 272 752 309 Scamonium
783 286 940 322 quoque
970 273 1256 309 dissolutione1
1286 279 1365 310 sto-

190 326 318 362 machi
336 326 350 348 2
372 325 493 362 bilem
516 325 705 369 detrahit,
729 326 860 362 alvum
882 326 1011 370 solvit,
1034 332 1315 376 praeterquam
1337 330 1367 363 si

191 379 412 416 adiciantur
438 379 543 415 aloes
571 379 782 416 drachmae
809 379 912 416 duae
940 380 1063 416 obolis
1091 382 1173 416 eius
1200 380 1366 417 duobus.

195 439 256 469 est
277 439 413 469 autem
433 446 547 469 sucus
567 432 715 469 herbae
737 433 786 469 ab
807 433 937 469 radice
958 446 1136 469 ramosae
1156 434 1368 483 pinguibus

190 485 307 529 foliis,
320 485 543 535 trianguliS,
557 485 669 529 albis,
682 486 814 522 radice
829 499 970 530 crassa,
984 486 1160 530 madida,
1173 489 1367 523 nausiosa.

192 542 366 576 nascitur
384 541 523 589 pingui
543 545 584 576 et
604 539 693 576 albo
712 539 806 576 solo.
860 539 972 576 radix
993 542 1094 576 circa
1112 542 1218 576 canis
1238 546 1369 577 ortum

192 599 421 636 excavatur,
438 598 483 629 ut
498 595 539 628 in
555 595 681 642 ipsam
698 592 872 630 confluat
887 606 1002 629 sucus
1019 596 1087 642 qui
1103 593 1184 630 sole
1201 596 1369 630 siccatus

191 646 386 695 digeritur
416 649 457 682 in
489 646 679 695 pastillos.
734 649 902 683 siccatur
935 652 976 683 et
1008 649 1093 695 ipsa
1124 647 1187 683 vel
1218 652 1367 683 cortex,

190 699 377 736 laudatur
402 702 564 736 natione
592 699 893 749 Colophonium,
922 699 1111 749 Mysium,
1140 698 1368 743 Prienense,

191 755 321 802 specie
352 759 488 789 autem
517 753 689 789 nitidum
720 759 761 789 et
792 766 912 802 quam
941 753 1185 789 simillimum
1214 756 1370 789 taurino

190 806 349 856 glutini,
369 805 582 856 fungosum
602 809 842 843 tenuissimis
864 806 1017 850 fistulis,
1037 809 1115 843 cito
1134 806 1370 856 liquescens,

192 863 295 896 virus
309 859 506 903 redolens,
520 863 822 903 cumminosum,
836 860 996 909 linguae
1011 866 1123 896 tactu
1136 860 1369 903 lactescens,

191 926 311 962 quam
359 913 614 956 levissimum,
662 926 752 949 cum
799 913 976 949 diluatur
1024 913 1241 950 albescens.
1295 913 1369 949 hoc

191 969 325 1003 evenit
347 972 388 1003 et
408 966 632 1003 adulterino
653 966 759 1015 quod
780 966 824 1003 fit
845 970 926 1003 ervi
945 966 1072 1002 farina
1092 973 1134 1003 et
1152 966 1370 1016 tithymalli

190 1022 331 1056 marini
360 1033 452 1056 suco
482 1019 565 1056 fere
595 1022 635 1056 in
665 1020 829 1063 Iudaea,
859 1019 966 1069 quod
995 1023 1117 1056 etiam
1146 1019 1371 1069 strangulat

190 1079 407 1122 sumptum.
462 1073 777 1122 deprehenditur
810 1080 944 1123 gustu,
978 1073 1229 1123 tithymallus
1265 1076 1370 1109 enim

190 1126 366 1176 linguam
387 1126 633 1163 excalefacit.
688 1140 780 1163 usus
801 1127 921 1171 bimo,
937 1139 1010 1163 nec
1027 1132 1120 1163 ante
1137 1139 1210 1163 nec
1230 1132 1370 1176 postea

190 1180 302 1223 utile,
329 1180 477 1216 dedere
505 1186 547 1217 et
575 1193 646 1229 per
672 1193 714 1217 se
742 1193 791 1216 ex
819 1193 923 1229 aqua
949 1180 1187 1216 vel3mulsa
1217 1186 1258 1217 et
1287 1179 1368 1216 sale

190 1236 394 1282 quaternis
415 1233 553 1277 obolis,
573 1233 644 1270 sed
674 1233 882 1270 utilissime
905 1247 995 1270 cum
1019 1233 1105 1270 aloe
1128 1236 1186 1270 ita
1207 1240 1253 1270 ut
1275 1235 1368 1269 inci-

189 1289 327 1336 piente
350 1290 588 1337 purgatione
611 1287 782 1323 mulsum
806 1288 977 1323 bibatur.
1033 1287 1078 1323 fit
1099 1293 1140 1323 et
1159 1287 1369 1323 decoctum

245 1365 256 1383 ¹
280 1364 501 1395 dissolutione
512 1364 675 1405 Detlefsen
690 1377 696 1395 :
720 1365 958 1396 dissolutiones
973 1366 1042 1403 (aut
1054 1366 1134 1404 -em)
1149 1364 1243 1395 multi
1255 1364 1344 1396 codd.
1360 1377 1367 1396 ε

199 1418 268 1456 non
293 1409 364 1438 sine
390 1407 610 1438 dissolutione
636 1407 720 1439 coni.
747 1408 789 1438 M
790 1408 904 1448 ayhoff
915 1420 922 1439 ε
955 1408 1096 1448 fortasse
1122 1418 1199 1439 cum
1224 1407 1365 1438 dissolu-

198 1454 462 1532 t102nZ-tomaehi]
479 1493 562 1524 facit
578 1493 668 1524 addit
685 1493 810 1524 Gelenii
827 1493 934 1524 editio.

240 1537 252 1554 ³
275 1536 329 1567 vel
347 1536 442 1567 multi
463 1536 565 1572 codd„
582 1536 755 1576 Detlefsen,
772 1536 935 1576 sslayhoff,
952 1536 1008 1576 qui
1027 1546 1064 1567 ez
1080 1536 1269 1567 Dioscorida
1284 1546 1369 1576 pura

197 1579 249 1610 vel
265 1579 356 1610 coni:
386 1579 441 1610 vel
456 1584 530 1610 ante
546 1589 588 1610 ex
604 1589 694 1619 aqua
713 1583 813 1610 trans.
830 1579 873 1610 Ε.
898 1579 1066 1610 Wistrand
1085 1579 1240 1616 (Eronos,
1260 1579 1368 1619 1931.)

235 1681 250 1696 ‘²
273 1677 343 1708 The
358 1677 460 1708 Latin
475 1677 513 1707 of
523 1677 592 1708 this
606 1680 763 1708 sentence
778 1677 891 1707 would
905 1677 945 1708 be
959 1677 1059 1708 made
1072 1687 1165 1708 more
1178 1676 1311 1707 normal
1324 1676 1370 1717 by

191 1720 249 1751 the
267 1720 422 1751 addition
440 1720 479 1750 of
491 1730 558 1750 non
575 1720 646 1750 sinc
663 1730 700 1750 or
717 1730 791 1750 cum
808 1720 921 1750 before
938 1719 1160 1751 dissolutione.
1207 1720 1242 1750 It
1258 1719 1370 1750 would

191 1763 232 1794 be
254 1763 400 1804 perhaps
423 1773 515 1793 more
536 1763 555 1774 “
571 1763 705 1793 Plinian
721 1762 740 1774 ’⁷
760 1762 790 1793 if
808 1773 857 1793 we
879 1763 963 1803 kept
984 1763 1043 1793 the
1065 1762 1311 1793 dissolutionem
1333 1772 1371 1793 or

190 1806 419 1837 dissolutiones
448 1806 486 1836 of
516 1806 574 1836 the
603 1806 696 1837 MSS.
727 1805 796 1836 and
829 1806 941 1836 added
968 1805 1053 1845 facit
1087 1805 1174 1836 after
1202 1805 1368 1836 stomachi.

187 1849 282 1880 Then
298 1849 384 1879 from
401 1848 496 1879 bilem
511 1852 548 1879 to
563 1848 656 1879 solvit
671 1848 783 1879 would
799 1847 840 1879 be
856 1859 876 1879 a
890 1848 1102 1889 parenthesis
1118 1848 1370 1879 characteristic

191 1891 229 1923 of
247 1891 357 1932 Pliny,
380 1891 448 1922 and
469 1891 528 1922 the
549 1891 770 1922 subordinate
792 1890 903 1922 clause
924 1891 1106 1931 beginning
1127 1891 1210 1921 with
1228 1894 1368 1930 praeter-

190 1945 288 1975 quam
321 1934 432 1965 would
465 1934 599 1974 depend
631 1933 787 1974 logically
820 1934 888 1964 and
921 1933 1193 1974 grammatically
1226 1943 1268 1963 on
1301 1933 1367 1964 dis-

191 1977 383 2008 solutionem
399 1977 555 2008 stomachi
567 1976 661 2017 facit.

235 2019 247 2038 ¹²
271 2020 380 2050 Littre
407 2020 491 2050 has:
532 2019 551 2031 “
568 2020 621 2051 On
648 2019 712 2050 fait
739 2019 854 2050 secher
878 2019 969 2050 aussi
995 2018 1028 2049 la
1051 2017 1168 2060 plante
1192 2019 1301 2049 meme
1325 2028 1369 2048 ou

191 2062 363 2093 l‘ecorce.‘'

193 2108 260 2155 308
