1459 2288
115 242 155 273 38

114 710 153 741 39

113 1237 153 1267 40

381 133 576 171 PLINY:
622 133 885 170 NATURAL
920 133 1155 170 HISTORY

237 236 388 273 XVIII.
419 236 637 272 Linozostis
658 237 738 272 sive
759 235 996 285 parthenion
1018 235 1206 272 Mercurii
1224 237 1358 272 inven-

181 303 266 333 tum
305 302 377 332 est.
431 295 521 331 ideo
559 294 664 343 apud
703 294 874 330 Graecos
913 293 1065 330 Hermu
1103 307 1205 343 poan
1242 294 1357 330 multi

181 360 322 391 vocant
343 366 444 396 eam,
465 352 571 402 apud
592 365 661 388 nos
681 365 817 388 omnes
838 352 1122 388 mercurialem.
1176 352 1255 389 duo
1276 355 1358 388 eius

180 425 350 463 genera:
387 411 585 448 masculus
611 417 652 447 et
676 410 838 454 femina,
863 424 965 460 quae
991 411 1192 447 efficacior.
1247 411 1358 447 caule

181 471 271 508 est1
300 469 477 513 cubitali,
506 469 708 506 interdum
738 482 890 505 ramoso
919 471 959 505 in
987 471 1204 512 cacumine,
1233 471 1358 506 ocimo

180 529 472 579 angustioribus
509 527 624 571 foliis,
660 527 852 578 geniculis
889 527 1032 571 densis,
1069 527 1219 564 alarum
1256 530 1358 564 cavis

179 588 327 631 multis,
369 589 520 624 semine
562 589 602 622 in
648 586 840 636 geniculis
883 585 1139 635 dependente
1186 584 1359 623 feminae

179 649 349 696 copioso,
373 648 470 682 mari
500 647 611 682 iuxta
640 644 824 695 genicula
846 650 979 681 stante
1009 647 1152 681 rariore
1178 657 1223 681 ac
1251 645 1358 681 brevi

186 710 460 754 contortoque,
518 703 690 740 feminae
748 703 877 739 soluto
935 709 977 740 et
1033 703 1213 740 candido.
1267 702 1360 739 folia

179 765 352 801 maribus
387 765 572 813 nigriora,
607 761 764 798 feminis
800 762 1042 805 candidiora,
1079 762 1190 798 radix
1225 775 1359 811 super-

180 836 315 865 vacua,
333 824 574 872 praetenuis.
630 826 846 857 nascuntur
864 823 904 856 in
922 821 1210 870 campestribus
1229 820 1356 856 cultis.

179 884 402 930 mirumque
432 886 493 916 est
521 879 627 929 quod
655 879 705 915 de
734 885 903 928 utroque
933 892 1069 915 eorum
1096 892 1244 929 genere
1272 892 1359 928 pro-

179 939 307 976 ditur:
347 945 392 975 ut
417 951 546 975 mares
572 940 789 988 gignantur
813 937 918 973 hunc
944 936 1088 980 facere,
1115 943 1160 974 ut
1185 936 1358 974 feminae

178 997 298 1034 illam.
352 997 425 1034 hoc
442 999 687 1046 contingere,
705 999 735 1032 si
753 1009 775 1032 a
792 1002 987 1045 conceptu
1004 998 1183 1045 protinus
1199 996 1360 1033 bibatur

178 1070 291 1093 sucus
312 1058 351 1092 in
371 1069 486 1105 passo
503 1055 723 1092 edanturve
745 1054 838 1091 folia
858 1054 1023 1091 decocta
1039 1067 1087 1091 ex
1104 1054 1191 1091 oleo
1207 1060 1249 1091 et
1263 1053 1358 1098 sale,

179 1115 240 1152 vel
264 1115 385 1151 cruda
409 1127 458 1151 ex
483 1120 609 1150 aceto.
667 1113 829 1163 quidam
853 1113 1048 1150 decocunt
1076 1126 1164 1149 eam
1189 1115 1230 1149 in
1258 1126 1359 1150 novo

179 1173 288 1210 fictili
322 1187 411 1210 cum
445 1172 681 1221 heliotropio
716 1178 758 1208 et
791 1172 944 1208 duabus
975 1171 1036 1208 vel
1069 1172 1196 1208 tribus
1229 1174 1358 1221 spiciS,

182 1233 308 1269 donec
347 1237 522 1281 cogatur.
577 1231 785 1267 decoctum
824 1230 908 1266 dari
940 1231 1081 1267 iubent
1114 1236 1156 1267 et
1194 1230 1359 1266 herbam

177 1294 302 1341 ipsam
330 1293 369 1327 in
397 1291 485 1326 cibo
513 1289 638 1326 altero
666 1290 730 1326 die
758 1291 1003 1339 purgationis
1031 1288 1260 1325 mulieribus
1288 1302 1359 1338 per

178 1350 367 1392 triduum,
385 1354 527 1398 quarto
544 1349 608 1385 die
627 1362 649 1384 a
664 1348 824 1384 balineo
841 1350 943 1384 coire
962 1361 1039 1384 eas.
1095 1347 1358 1397 Hippocrates

179 1411 284 1445 miris
313 1407 495 1444 laudibus
529 1409 568 1443 in
601 1406 811 1443 mulierum
845 1420 959 1443 usum
992 1406 1236 1456 praedicavit
1263 1405 1356 1448 has;

231 1501 243 1520 1
267 1504 318 1532 est
337 1500 500 1540 Detlessen
517 1512 523 1530 :
557 1504 591 1530 et
611 1510 697 1530 unas
717 1499 783 1530 cod.
805 1504 832 1530 et
856 1499 1019 1539 Mayhoff,
1039 1499 1095 1539 qui
1119 1498 1212 1530 aliter
1231 1498 1306 1529 dist.
1329 1503 1355 1529 et

186 1544 337 1575 lacunam
353 1548 425 1584 post
441 1543 601 1583 geniculis
617 1542 750 1573 indicat.
799 1543 867 1583 qu
883 1542 1045 1582 Detlefsen
1060 1552 1183 1582 sequor.
1231 1541 1358 1572 Desunt

185 1587 215 1626 ἃς
232 1587 335 1618 38-41
354 1586 390 1617 in
405 1577 494 1617 cond.
513 1585 640 1616 VRdT.

227 1741 241 1756 α
263 1737 477 1769 Dioscorides
501 1737 561 1768 has
586 1736 658 1775 (IV.
687 1738 761 1776 189)
779 1749 785 1767 :
824 1735 890 1776 ἔχει
908 1735 942 1767 δὲ
963 1736 1083 1777 φύλλον
1106 1735 1220 1776 ὅμοιον
1242 1735 1356 1776 ὠκίμῳ

183 1780 259 1821 πρὸς
290 1781 326 1812 τὸ
357 1783 412 1821 τῆς
445 1779 580 1819 ἑλξίνης,
605 1779 740 1811 ἔλαττον
771 1779 816 1817 δέ,
843 1778 963 1810 κλωνία
995 1779 1161 1817 διγόνατα,
1189 1779 1356 1819 μασχάλας

181 1823 312 1861 πολλάς,
331 1823 452 1856 πυκνὰς
470 1823 594 1863 ἔχοντα·
625 1822 681 1854 τὸν
703 1822 737 1853 δὲ
757 1821 883 1862 καρπὸν
905 1821 925 1861 ἡ
948 1821 1008 1862 μὲν
1031 1821 1141 1862 θήλεια
1166 1821 1356 1862 βοτρυοειδῆ

181 1866 235 1898 καὶ
261 1866 360 1898 πολὺν
384 1865 404 1906 ἡ
429 1865 464 1897 δὲ
491 1866 590 1905 ἄρρην
616 1865 694 1905 πρὸς
721 1868 787 1898 τοῖς
816 1864 967 1898 πετάλοις
991 1865 1117 1904 μικρόν,
1142 1864 1354 1904 στρογγύλον,

186 1909 296 1949 ὥσπερ
320 1908 447 1949 ὀρχίδια
471 1908 554 1940 κατὰ
577 1907 633 1939 δύο
659 1907 884 1948 προσκείμενα.
932 1907 1012 1938 This
1039 1908 1067 1938 is
1093 1917 1130 1938 SO
1157 1907 1270 1938 unlike
1296 1907 1355 1938 the

182 1951 282 1992 Pliny
311 1962 453 1992 passage
483 1952 517 1982 in
546 1950 679 1987 details,
708 1950 874 1990 although
903 1954 998 1990 parts
1031 1960 1088 1981 are
1118 1960 1200 1990 very
1230 1950 1355 1981 similar

183 1994 416 2035 (particularly
432 1994 556 2030 densis,
573 1993 703 2024 alarum
719 1993 808 2024 cavis
820 1961 935 2024 wgzultis
950 1993 1018 2024 and
1033 1992 1203 2033 μασχάλας
1224 1992 1353 2031 πολλάς,

182 2056 248 2101 164
