1459 2288
139 403 177 434 12

141 883 177 913 13

140 1256 178 1286 14

408 84 603 122 PLINY:
650 85 913 122 NATURAL
946 84 1182 122 HISTORY

205 187 298 223 dem
341 189 490 235 primus
533 186 803 222 doctrinarum
848 191 890 222 et
934 188 1185 235 antiquitatis
1227 199 1384 235 parens,

205 240 355 276 multus
373 240 468 275 alias
485 242 525 275 in
543 240 805 276 admiratione
823 238 973 283 Circae,
989 239 1156 289 gloriam
1172 238 1384 276 herbarum

205 294 395 342 Aegypto
433 293 587 335 tribuit,
625 306 715 328 cum
756 295 878 329 etiam
920 298 1007 328 tum
1054 305 1156 341 quae
1203 293 1384 342 rigaturl

204 347 416 396 Aegyptus
435 345 504 381 illa
521 359 599 382 non
619 352 738 389 esset,
756 351 897 394 postea
914 345 1086 381 fluminis
1103 345 1196 382 limo
1214 349 1382 383 invecta.

205 399 348 435 herbas
365 405 472 435 certe
489 399 712 449 Aegyptias
727 412 748 435 a
762 401 864 449 regis
883 412 1004 435 uxore
1020 399 1188 435 traditas
1204 399 1384 436 Helenae

205 465 299 488 suae
344 452 533 501 plurimas
577 458 711 488 narrat
757 465 801 488 ac
844 452 977 488 nobile
1021 452 1119 489 illud
1162 452 1384 502 nepenthes

205 505 446 542 oblivionem
494 508 681 542 tristitiae
730 508 967 554 veniamque
1015 504 1198 542 adferens
1247 511 1288 542 et
1335 506 1385 542 ab

206 559 363 595 Helena
403 561 541 608 utique
583 559 765 595 omnibus
806 559 1040 595 mortalibus
1079 559 1383 608 propinandum.

204 615 353 661 primus
377 618 512 648 autem
535 615 713 648 omnium
736 625 833 661 quos
856 614 1048 648 memoria
1069 615 1178 648 novit
1201 611 1384 661 Orpheus

204 666 254 702 de
271 665 403 701 herbis
419 668 607 702 curiosius
625 665 757 714 aliqua
773 666 962 714 prodidit,
978 671 1067 714 post
1085 678 1176 701 eum
1194 665 1384 702 Musaeus

205 724 247 754 et
272 718 470 755 Hesiodus
495 718 646 767 polium
671 718 837 755 herbam
863 721 902 754 in
929 724 1124 768 quantum
1149 721 1281 755 mirati
1306 721 1385 755 sint

205 772 390 815 diximus,
422 771 605 821 Orpheus
637 778 679 808 et
711 772 908 808 Hesiodus
939 772 1156 808 suffitiones
1187 785 1385 808 commen-

205 825 362 861 davere.
418 825 615 861 Homerus
647 831 689 862 et
719 825 815 861 alias
845 828 1081 862 nominatim
1111 825 1254 862 herbas
1284 825 1385 862 cele-

205 879 308 922 brat,
345 891 442 927 quas
478 881 557 914 suis
593 879 687 915 locis
723 879 911 915 dicemus.
968 879 1017 915 ab
1055 892 1101 915 eo
1137 877 1385 928 Pythagoras

203 932 331 968 clarus
363 934 559 981 sapientia
590 935 740 981 primus
772 932 957 968 volumen
989 932 1039 968 de
1072 931 1216 968 effectu
1249 945 1385 968 earum

204 988 438 1034 composuit,
479 985 669 1034 Apollini,
711 985 950 1034 Aesculapio
991 991 1034 1022 et
1073 987 1113 1021 in
1154 991 1286 1022 totum
1326 985 1385 1022 dis

205 1038 493 1075 immortalibus
522 1041 750 1075 inventione
777 1044 818 1075 et
844 1041 994 1088 origine
1019 1038 1252 1088 adsignata3
1281 1052 1385 1075 com-

205 1094 337 1141 posuit
380 1098 421 1128 et
464 1092 732 1135 Democritus,
776 1092 893 1128 ambo
936 1094 1157 1141 peragratis
1200 1090 1384 1135 Persidis,

205 1146 394 1188 Arabiae,
429 1145 684 1194 Aethiopiae,
720 1145 898 1195 Aegypti
938 1144 1083 1195 Magis,
1119 1145 1300 1194 adeoque
1336 1145 1386 1182 ad

206 1198 304 1234 haec
335 1201 507 1235 attonita
538 1201 756 1247 antiquitas
786 1198 863 1235 fuit
892 1204 936 1235 ut
967 1198 1234 1235 adfirmaverit
1264 1201 1386 1235 etiam

206 1251 454 1288 incredibilia
489 1252 611 1288 dictu.
666 1251 850 1288 Xanthus
886 1251 1138 1288 historiarum
1175 1257 1312 1288 auctor
1346 1254 1386 1287 in

205 1307 333 1354 prima
368 1318 504 1341 earum
539 1305 664 1341 tradit
697 1308 868 1342 occisum
903 1305 1081 1342 draconis
1116 1305 1293 1341 catulum
1327 1318 1386 1341 re-

206 1364 391 1394 vocatum
429 1358 480 1395 ad
518 1361 640 1394 vitam
679 1372 702 1394 a
739 1365 906 1407 parente
944 1358 1069 1395 herba
1107 1372 1227 1407 quam
1263 1358 1385 1395 balim

206 1414 399 1455 nominat,
427 1412 650 1461 eademque
676 1412 871 1462 Tylonem
898 1425 1017 1461 quem
1043 1412 1160 1448 draco
1187 1412 1386 1448 occiderat

205 1468 438 1501 restitutum
463 1465 594 1501 saluti.
651 1471 691 1501 et
718 1465 817 1502 Iuba
842 1468 882 1501 in
908 1466 1056 1501 Arabia
1081 1465 1205 1501 herba
1229 1478 1385 1502 revoca-

205 1524 292 1554 tum
324 1519 374 1554 ad
405 1521 528 1554 vitam
558 1518 761 1555 hominem
792 1519 928 1555 tradit.
983 1519 1087 1555 dixit
1118 1519 1385 1562 Democritus,

205 1572 374 1608 credidit
404 1571 700 1621 Theophrastus
736 1585 820 1608 esse
854 1571 1020 1608 herbam
1054 1575 1164 1608 cuius
1199 1577 1385 1608 contactu

256 1657 267 1675 1
292 1660 367 1687 tum
392 1667 478 1696 quae
501 1657 631 1697 rigatur
653 1656 742 1688 codd.
766 1660 794 1687 et
817 1656 992 1697 Mayhoff:
1029 1667 1120 1688 nunc
1144 1667 1230 1696 quae
1253 1656 1386 1688 dicatur

209 1700 294 1730 coni.
308 1699 480 1740 Detlefsen.

247 1790 260 1803 ‘¹
284 1785 344 1816 See
361 1784 515 1825 Odyssey,
533 1784 592 1816 IV.
611 1786 772 1816 219-234.

251 1828 262 1846 δ
292 1828 431 1858 Veniam
446 1829 474 1859 is
492 1828 685 1859 translated
702 1828 748 1867 by
765 1827 896 1860 Littre:
925 1828 944 1838 ‘¹
959 1831 995 1858 et,
1011 1828 1054 1859 de
1078 1828 1150 1858 leur
1173 1829 1312 1865 cause,''
1338 1828 1384 1868 by

204 1871 356 1902 Bostock
372 1871 441 1902 and
457 1871 576 1911 Rfley:
605 1872 624 1881 ‘¹
640 1871 883 1912 forgetfulness
900 1870 939 1901 of
949 1870 1009 1901 the
1025 1871 1140 1911 past.''

248 1918 259 1932 ⁶
283 1914 343 1945 See
361 1914 460 1944 XXI.
478 1915 509 1953 ἓξ
525 1916 568 1945 44
584 1914 653 1944 and
672 1915 742 1945 145.

247 1956 261 1975 ‘¹
284 1956 430 1996 Relying
445 1967 489 1987 on
505 1956 601 1987 these
617 1956 732 1988 books.

206 2029 273 2061 144
