1459 2288
105 166 146 197 42

105 692 145 723 43

105 1456 146 1486 45

373 57 568 95 PLINY:
614 57 878 94 NATURAL
912 57 1149 94 HISTORY

220 160 330 198 XIX.
361 161 519 197 Invenit
541 159 556 182 1
580 166 620 196 et
643 159 818 196 Achilles
839 158 1051 208 discipulus
1074 159 1252 197 Chironis
1273 174 1352 210 qua

173 219 397 257 volneribus
417 219 658 255 mederetur.
714 230 817 267 quae
841 218 891 254 ob
910 218 950 254 id
968 217 1153 254 achilleos
1178 225 1350 256 vocatur.

172 279 245 315 hac
279 290 437 314 sanasse
470 277 693 326 Telephum
728 277 883 313 dicitur.
939 276 1004 312 alii
1037 279 1208 326 primum
1242 291 1353 314 aeru-

171 340 306 387 ginem
354 339 551 372 invenisse
600 335 850 372 utilissimam
900 334 1135 384 emplastris,
1182 336 1352 386 ideoque

171 398 349 445 pingitur
376 407 425 431 ex
452 394 614 444 cuspide
642 393 848 430 decutiens
877 406 965 429 eam
990 393 1123 443 gladio
1149 396 1189 430 in
1215 395 1352 431 volnus

170 453 351 503 Telephi,
393 452 459 489 alii
501 459 670 502 utroque
712 466 826 488 usum
867 452 1161 489 medicamento
1202 453 1350 490 volunt.

172 512 293 562 aliqui
321 517 362 548 et
388 511 489 548 hanc
516 524 707 561 panacem
735 510 975 554 Heracliam,
1003 510 1068 546 alii
1095 511 1283 548 sideriten
1311 517 1353 549 et

171 571 277 620 apud
293 583 363 607 nos
379 569 628 606 millefoliam
645 575 801 613 vocant,
817 569 980 605 cubitali
997 582 1127 618 scapo,
1143 583 1352 614 ramosam,

171 629 448 666 minutioribus
481 642 601 678 quam
632 627 792 665 feniculi
824 627 926 664 foliis
960 630 1147 664 vestitam
1179 629 1229 666 ab
1260 632 1350 666 imo.

171 688 236 724 alii
273 687 452 724 fatentur
487 687 649 736 quidem
685 686 794 723 illam
832 685 1058 723 vulneribus
1094 687 1246 731 utilem,
1283 688 1353 725 sed

172 760 304 783 veram
348 745 542 782 achilleon
580 759 665 782 esse
703 759 820 794 scapo
858 745 1041 782 caeruleo
1082 746 1228 795 pedali,
1269 749 1352 783 sine

171 808 302 848 ramis,
321 818 369 841 ex
389 807 494 841 omni
514 810 627 854 parte
646 804 809 854 singulis
828 803 930 840 foliis
950 804 1129 841 rotundis
1148 804 1353 855 eleganter

173 866 381 906 vestitam3
433 863 498 899 alii
537 863 732 913 quadrato
769 862 894 906 caule,
932 862 1115 913 capitulis
1151 865 1352 907 marrubii,

172 921 274 958 foliis
300 935 480 972 quercus,
505 921 578 958 hac
604 924 725 958 etiam
750 924 946 971 praecisos
971 935 1110 959 nervos
1134 922 1353 972 glutinari.2

171 980 322 1018 faciunt
343 981 408 1017 alii
430 987 471 1017 et
486 980 501 1003 ³
522 981 713 1017 sideritim
735 983 774 1016 in
796 983 975 1017 maceriis
997 987 1242 1025 nascentem,
1263 995 1352 1018 cum

172 1046 338 1083 teratur,
367 1039 473 1076 foedi
501 1039 643 1082 odoris,
673 1042 892 1075 etiamnum
922 1039 1042 1076 aliam
1069 1040 1236 1076 similem
1262 1040 1353 1076 huic

171 1098 241 1135 sed
271 1098 563 1135 candidioribus
593 1097 696 1134 foliis
727 1103 769 1134 et
798 1098 1083 1148 pinguioribus,
1114 1101 1352 1135 teneriorem

171 1157 385 1200 cauliculis,
413 1160 451 1193 in
483 1159 604 1193 vineis
634 1163 886 1200 nascentem;
921 1157 1068 1193 aliam4
1096 1171 1188 1194 vero
1215 1158 1352 1194 binum

171 1216 408 1259 cubitorum,
441 1215 602 1252 ramulis
635 1215 818 1259 exilibus,
850 1216 1071 1265 triangulis,
1104 1215 1198 1253 folio
1230 1216 1352 1260 filicis,

171 1274 355 1324 pediculo
394 1274 527 1324 longo,
566 1275 686 1310 betae
726 1277 899 1317 semine;
952 1288 1088 1312 omnes
1129 1275 1352 1312 volneribus

171 1336 416 1383 praecipuas.
472 1335 595 1369 nostri
640 1346 729 1369 eam
773 1346 876 1382 quae
921 1340 982 1370 est
1025 1333 1215 1371 latissimo
1259 1333 1352 1370 folio

172 1405 308 1441 scopas
330 1395 458 1442 regias
480 1398 633 1428 vocant.
688 1392 874 1428 medetur
895 1395 1048 1442 anginis
1069 1406 1196 1429 suum.

222 1450 309 1487 XX.
341 1451 498 1487 Invenit
537 1457 578 1487 et
616 1450 769 1487 Teucer
807 1451 947 1487 eadem
986 1457 1121 1488 aetate
1159 1454 1351 1495 teucrion‚

172 1523 292 1559 quam
322 1509 483 1559 quidam
513 1508 741 1546 hemionion
764 1515 918 1553 vocant,
941 1516 1197 1560 spargentem
1217 1512 1352 1547 iuncos

223 1586 235 1604 ¹
259 1586 392 1617 invenit
414 1585 511 1626 vulq„
536 1585 721 1626 Detlefsen:
755 1586 923 1617 invenisse
946 1586 1029 1618 coni.
1049 1587 1213 1627 Mayhoff,
1240 1587 1297 1627 qui
1323 1591 1351 1618 et

178 1639 216 1659 ac
239 1639 305 1677 vion
327 1628 391 1660 hac
414 1632 523 1669 postea
546 1629 657 1659 scribit
678 1633 706 1660 et
730 1639 816 1669 quae
841 1653 848 1659 .
874 1653 881 1660 .
908 1653 915 1660 .
942 1633 1085 1661 vocatur
1107 1629 1145 1660 in
1166 1630 1351 1670 parenthesi

175 1675 418 1755 pozmglutinari
434 1713 574 1751 Urlichs,
588 1713 761 1754 Detlefsen,
775 1715 815 1745 M
817 1714 938 1755 ayboff,
951 1714 1047 1755 quiet
1056 1714 1230 1756 glutinant
1241 1715 1324 1746 coni.
1341 1727 1348 1746 z

177 1756 345 1798 glutinare
361 1756 450 1788 codd.

199 1800 233 1873 h}
257 1800 314 1830 alii
329 1803 364 1831 et
379 1799 537 1840 Mayhoff
548 1812 554 1830 :
583 1803 619 1831 et
634 1799 797 1840 Detlefsen
811 1810 885 1831 cum
900 1800 962 1831 VR
978 1800 1001 1831 d
1016 1812 1023 1831 :
1051 1800 1118 1831 alia
1134 1800 1192 1840 (ali
1206 1803 1241 1831 et
1253 1803 1281 1840 27)
1297 1800 1325 1831 E
1341 1813 1348 1832 :

177 1853 197 1873 a
221 1842 360 1916 1²aliilgin
396 1885 494 1926 vzzly„
531 1885 720 1926 Detlefsen:
769 1885 873 1926 aliqui
910 1886 1084 1926 Maykoff:
1131 1886 1257 1926 alioqui
1293 1890 1350 1917 aut

178 1928 312 1968 alioque
329 1928 417 1959 codd.

176 1974 241 2009 168
