<?xml version="1.0" encoding="UTF-8"?>
<!DOCTYPE html PUBLIC "-//W3C//DTD XHTML 1.0 Transitional//EN"
    "http://www.w3.org/TR/xhtml1/DTD/xhtml1-transitional.dtd">
<html xmlns="http://www.w3.org/1999/xhtml" xml:lang="en" lang="en">
 <head>
  <title>
</title>
<meta http-equiv="Content-Type" content="text/html;charset=utf-8" />
  <meta name='ocr-system' content='tesseract 3.04.00' />
  <meta name='ocr-capabilities' content='ocr_page ocr_carea ocr_par ocr_line ocrx_word'/>
</head>
<body>
  <div class='ocr_page' id='page_1' title='image "./naturalhistory07plinuoft_0208.png"; bbox 0 0 1459 2288; ppageno 0'>
   <div class='ocr_carea' id='block_1_1' title="bbox 110 179 147 208">
    <p class='ocr_par' dir='ltr' id='par_1_1' title="bbox 110 179 147 208">
     <span class='ocr_line' id='line_1_1' title="bbox 110 179 147 208; baseline 0 0"><span class='ocrx_word' id='word_1_1' title='bbox 110 179 147 208; x_wconf 78' lang='grc'>71</span> 
     </span>
    </p>
   </div>
   <div class='ocr_carea' id='block_1_2' title="bbox 375 68 1151 107">
    <p class='ocr_par' dir='ltr' id='par_1_2' title="bbox 375 68 1151 107">
     <span class='ocr_line' id='line_1_2' title="bbox 375 68 1151 107; baseline -0.001 -1"><span class='ocrx_word' id='word_1_2' title='bbox 375 69 570 107; x_wconf 82' lang='lat' dir='ltr'>PLINY:</span> <span class='ocrx_word' id='word_1_3' title='bbox 616 69 881 107; x_wconf 87' lang='lat' dir='ltr'>NATURAL</span> <span class='ocrx_word' id='word_1_4' title='bbox 914 68 1151 106; x_wconf 84' lang='lat' dir='ltr'>HISTORY</span> 
     </span>
    </p>
   </div>
   <div class='ocr_carea' id='block_1_3' title="bbox 174 170 1357 1340">
    <p class='ocr_par' dir='ltr' id='par_1_3' title="bbox 176 170 1355 634">
     <span class='ocr_line' id='line_1_3' title="bbox 229 170 1353 221; baseline -0.002 -12"><span class='ocrx_word' id='word_1_5' title='bbox 229 173 413 209; x_wconf 65' lang='lat' dir='ltr'><strong>XXXIV.</strong></span> <span class='ocrx_word' id='word_1_6' title='bbox 444 172 686 209; x_wconf 76' lang='lat' dir='ltr'><strong>Gentianam</strong></span> <span class='ocrx_word' id='word_1_7' title='bbox 717 173 869 207; x_wconf 75' lang='lat' dir='ltr'>invenit</span> <span class='ocrx_word' id='word_1_8' title='bbox 900 171 1069 208; x_wconf 81' lang='lat' dir='ltr'>Gentius</span> <span class='ocrx_word' id='word_1_9' title='bbox 1100 184 1169 207; x_wconf 82' lang='lat' dir='ltr'>rex</span> <span class='ocrx_word' id='word_1_10' title='bbox 1203 170 1353 221; x_wconf 84' lang='lat' dir='ltr'>Illyrio-</span> 
     </span>
     <span class='ocr_line' id='line_1_4' title="bbox 177 224 1355 275; baseline -0.003 -12"><span class='ocrx_word' id='word_1_11' title='bbox 177 240 278 269; x_wconf 80' lang='lat' dir='ltr'>rum,</span> <span class='ocrx_word' id='word_1_12' title='bbox 304 227 451 275; x_wconf 89' lang='lat' dir='ltr'>ubique</span> <span class='ocrx_word' id='word_1_13' title='bbox 475 230 721 268; x_wconf 88' lang='lat' dir='ltr'>nascentem,</span> <span class='ocrx_word' id='word_1_14' title='bbox 746 227 787 260; x_wconf 88' lang='lat' dir='ltr'>in</span> <span class='ocrx_word' id='word_1_15' title='bbox 812 224 967 274; x_wconf 81' lang='lat' dir='ltr'>Illyrico</span> <span class='ocrx_word' id='word_1_16' title='bbox 991 230 1128 261; x_wconf 83' lang='lat' dir='ltr'>tamen</span> <span class='ocrx_word' id='word_1_17' title='bbox 1152 230 1355 273; x_wconf 86' lang='lat' dir='ltr'>praestan-</span> 
     </span>
     <span class='ocr_line' id='line_1_5' title="bbox 177 277 1354 327; baseline -0.002 -11"><span class='ocrx_word' id='word_1_18' title='bbox 177 283 383 322; x_wconf 84' lang='lat' dir='ltr'>tissimam,</span> <span class='ocrx_word' id='word_1_19' title='bbox 419 278 514 315; x_wconf 88' lang='lat' dir='ltr'>folio</span> <span class='ocrx_word' id='word_1_20' title='bbox 551 277 707 321; x_wconf 87' lang='lat' dir='ltr'>fraxini,</span> <span class='ocrx_word' id='word_1_21' title='bbox 743 278 813 314; x_wconf 88' lang='lat' dir='ltr'>sed</span> <span class='ocrx_word' id='word_1_22' title='bbox 849 278 1126 327; x_wconf 80' lang='lat' dir='ltr'>magnitudine</span> <span class='ocrx_word' id='word_1_23' title='bbox 1162 277 1354 321; x_wconf 76' lang='lat' dir='ltr'><strong>lactucae,</strong></span> 
     </span>
     <span class='ocr_line' id='line_1_6' title="bbox 176 330 1353 380; baseline -0.002 -11"><span class='ocrx_word' id='word_1_24' title='bbox 176 333 287 370; x_wconf 91' lang='lat' dir='ltr'>caule</span> <span class='ocrx_word' id='word_1_25' title='bbox 316 339 455 369; x_wconf 86' lang='lat' dir='ltr'>tenero</span> <span class='ocrx_word' id='word_1_26' title='bbox 484 331 635 380; x_wconf 91' lang='lat' dir='ltr'>pollicis</span> <span class='ocrx_word' id='word_1_27' title='bbox 663 330 936 374; x_wconf 78' lang='lat' dir='ltr'><strong>crassitudine,</strong></span> <span class='ocrx_word' id='word_1_28' title='bbox 964 344 1059 367; x_wconf 78' lang='lat' dir='ltr'>cavo</span> <span class='ocrx_word' id='word_1_29' title='bbox 1088 336 1130 367; x_wconf 84' lang='lat' dir='ltr'>et</span> <span class='ocrx_word' id='word_1_30' title='bbox 1157 333 1277 374; x_wconf 83' lang='lat' dir='ltr'>inani,</span> <span class='ocrx_word' id='word_1_31' title='bbox 1306 344 1353 367; x_wconf 86' lang='lat' dir='ltr'>ex</span> 
     </span>
     <span class='ocr_line' id='line_1_7' title="bbox 176 383 1355 433; baseline -0.002 -11"><span class='ocrx_word' id='word_1_32' title='bbox 176 385 393 422; x_wconf 71' lang='lat' dir='ltr'>intervallis</span> <span class='ocrx_word' id='word_1_33' title='bbox 416 384 567 427; x_wconf 85' lang='lat' dir='ltr'>foliato,</span> <span class='ocrx_word' id='word_1_34' title='bbox 588 387 709 420; x_wconf 88' lang='lat' dir='ltr'>trium</span> <span class='ocrx_word' id='word_1_35' title='bbox 732 383 945 433; x_wconf 89' lang='lat' dir='ltr'>aliquando</span> <span class='ocrx_word' id='word_1_36' title='bbox 966 384 1202 426; x_wconf 86' lang='lat' dir='ltr'>cubitorum,</span> <span class='ocrx_word' id='word_1_37' title='bbox 1224 384 1355 420; x_wconf 82' lang='lat' dir='ltr'>radice</span> 
     </span>
     <span class='ocr_line' id='line_1_8' title="bbox 176 437 1355 487; baseline -0.003 -12"><span class='ocrx_word' id='word_1_38' title='bbox 176 439 298 481; x_wconf 83' lang='lat' dir='ltr'>lenta,</span> <span class='ocrx_word' id='word_1_39' title='bbox 331 439 531 487; x_wconf 85' lang='lat' dir='ltr'>subnigra,</span> <span class='ocrx_word' id='word_1_40' title='bbox 563 440 647 473; x_wconf 92' lang='lat' dir='ltr'>sine</span> <span class='ocrx_word' id='word_1_41' title='bbox 679 437 813 480; x_wconf 85' lang='lat' dir='ltr'>odore,</span> <span class='ocrx_word' id='word_1_42' title='bbox 846 439 1000 485; x_wconf 83' lang='lat' dir='ltr'>aquosis</span> <span class='ocrx_word' id='word_1_43' title='bbox 1032 437 1234 473; x_wconf 86' lang='lat' dir='ltr'>montibus</span> <span class='ocrx_word' id='word_1_44' title='bbox 1266 437 1355 473; x_wconf 92' lang='lat' dir='ltr'>sub—</span> 
     </span>
     <span class='ocr_line' id='line_1_9' title="bbox 177 490 1355 541; baseline -0.002 -13"><span class='ocrx_word' id='word_1_45' title='bbox 177 492 316 541; x_wconf 81' lang='lat' dir='ltr'>alpinis</span> <span class='ocrx_word' id='word_1_46' title='bbox 357 491 539 541; x_wconf 87' lang='lat' dir='ltr'>plurima.</span> <span class='ocrx_word' id='word_1_47' title='bbox 594 503 685 526; x_wconf 91' lang='lat' dir='ltr'>usus</span> <span class='ocrx_word' id='word_1_48' title='bbox 725 493 765 526; x_wconf 91' lang='lat' dir='ltr'>in</span> <span class='ocrx_word' id='word_1_49' title='bbox 804 490 936 526; x_wconf 87' lang='lat' dir='ltr'>radice</span> <span class='ocrx_word' id='word_1_50' title='bbox 977 496 1019 526; x_wconf 87' lang='lat' dir='ltr'>et</span> <span class='ocrx_word' id='word_1_51' title='bbox 1058 503 1162 526; x_wconf 91' lang='lat' dir='ltr'>suco.</span> <span class='ocrx_word' id='word_1_52' title='bbox 1215 490 1355 526; x_wconf 87' lang='lat' dir='ltr'>radicis</span> 
     </span>
     <span class='ocr_line' id='line_1_10' title="bbox 176 542 1355 593; baseline -0.002 -12"><span class='ocrx_word' id='word_1_53' title='bbox 176 551 319 581; x_wconf 89' lang='lat' dir='ltr'>natura</span> <span class='ocrx_word' id='word_1_54' title='bbox 363 550 423 581; x_wconf 87' lang='lat' dir='ltr'>est</span> <span class='ocrx_word' id='word_1_55' title='bbox 468 542 761 586; x_wconf 81' lang='lat' dir='ltr'>excalfactoria,</span> <span class='ocrx_word' id='word_1_56' title='bbox 806 543 876 579; x_wconf 90' lang='lat' dir='ltr'>sed</span> <span class='ocrx_word' id='word_1_57' title='bbox 919 543 1234 593; x_wconf 84' lang='lat' dir='ltr'>praegnantibus</span> <span class='ocrx_word' id='word_1_58' title='bbox 1277 557 1355 579; x_wconf 92' lang='lat' dir='ltr'>non</span> 
     </span>
     <span class='ocr_line' id='line_1_11' title="bbox 176 598 362 634; baseline 0 0"><span class='ocrx_word' id='word_1_59' title='bbox 176 598 362 634; x_wconf 88' lang='lat' dir='ltr'>bibenda.</span> 
     </span>
    </p>

    <p class='ocr_par' dir='ltr' id='par_1_4' title="bbox 175 649 1356 954">
     <span class='ocr_line' id='line_1_12' title="bbox 227 649 1355 699; baseline -0.002 -11"><span class='ocrx_word' id='word_1_60' title='bbox 227 651 390 688; x_wconf 76' lang='lat' dir='ltr'>XXXV.</span> <span class='ocrx_word' id='word_1_61' title='bbox 421 651 578 687; x_wconf 80' lang='lat' dir='ltr'>Invenit</span> <span class='ocrx_word' id='word_1_62' title='bbox 600 655 641 686; x_wconf 86' lang='lat' dir='ltr'>et</span> <span class='ocrx_word' id='word_1_63' title='bbox 663 649 921 699; x_wconf 81' lang='lat' dir='ltr'>Lysimachus</span> <span class='ocrx_word' id='word_1_64' title='bbox 948 662 1050 698; x_wconf 90' lang='lat' dir='ltr'>quae</span> <span class='ocrx_word' id='word_1_65' title='bbox 1072 650 1121 686; x_wconf 90' lang='lat' dir='ltr'>ab</span> <span class='ocrx_word' id='word_1_66' title='bbox 1144 662 1190 686; x_wconf 94' lang='lat' dir='ltr'>eo</span> <span class='ocrx_word' id='word_1_67' title='bbox 1212 663 1355 686; x_wconf 93' lang='lat' dir='ltr'>nomen</span> 
     </span>
     <span class='ocr_line' id='line_1_13' title="bbox 176 701 1356 747; baseline -0.003 -6"><span class='ocrx_word' id='word_1_68' title='bbox 176 707 337 747; x_wconf 83' lang='lat' dir='ltr'>retinet,</span> <span class='ocrx_word' id='word_1_69' title='bbox 361 704 563 740; x_wconf 87' lang='lat' dir='ltr'>celebrata</span> <span class='ocrx_word' id='word_1_70' title='bbox 586 703 838 739; x_wconf 85' lang='lat' dir='ltr'>Erasistrato.</span> <span class='ocrx_word' id='word_1_71' title='bbox 893 701 987 739; x_wconf 86' lang='lat' dir='ltr'>folia</span> <span class='ocrx_word' id='word_1_72' title='bbox 1012 702 1135 739; x_wconf 85' lang='lat' dir='ltr'>habet</span> <span class='ocrx_word' id='word_1_73' title='bbox 1161 708 1206 739; x_wconf 92' lang='lat' dir='ltr'>ut</span> <span class='ocrx_word' id='word_1_74' title='bbox 1229 702 1356 739; x_wconf 90' lang='lat' dir='ltr'>salicis</span> 
     </span>
     <span class='ocr_line' id='line_1_14' title="bbox 176 755 1356 806; baseline -0.002 -12"><span class='ocrx_word' id='word_1_75' title='bbox 176 758 328 800; x_wconf 79' lang='lat' dir='ltr'>viridia,</span> <span class='ocrx_word' id='word_1_76' title='bbox 351 756 487 794; x_wconf 89' lang='lat' dir='ltr'>florem</span> <span class='ocrx_word' id='word_1_77' title='bbox 511 769 769 806; x_wconf 84' lang='lat' dir='ltr'>purpureum,</span> <span class='ocrx_word' id='word_1_78' title='bbox 792 755 992 799; x_wconf 86' lang='lat' dir='ltr'>fruticosa,</span> <span class='ocrx_word' id='word_1_79' title='bbox 1015 755 1176 792; x_wconf 91' lang='lat' dir='ltr'>ramulis</span> <span class='ocrx_word' id='word_1_80' title='bbox 1201 758 1356 799; x_wconf 90' lang='lat' dir='ltr'>erectis,</span> 
     </span>
     <span class='ocr_line' id='line_1_15' title="bbox 177 811 1355 859; baseline -0.003 -11"><span class='ocrx_word' id='word_1_81' title='bbox 177 811 296 848; x_wconf 90' lang='lat' dir='ltr'>odore</span> <span class='ocrx_word' id='word_1_82' title='bbox 324 813 413 847; x_wconf 89' lang='lat' dir='ltr'>acri.</span> <span class='ocrx_word' id='word_1_83' title='bbox 467 812 645 859; x_wconf 84' lang='lat' dir='ltr'>gignitur</span> <span class='ocrx_word' id='word_1_84' title='bbox 670 812 710 845; x_wconf 92' lang='lat' dir='ltr'>in</span> <span class='ocrx_word' id='word_1_85' title='bbox 738 812 904 858; x_wconf 89' lang='lat' dir='ltr'>aquosis.</span> <span class='ocrx_word' id='word_1_86' title='bbox 960 811 1015 845; x_wconf 82' lang='lat' dir='ltr'>vis</span> <span class='ocrx_word' id='word_1_87' title='bbox 1043 812 1126 845; x_wconf 89' lang='lat' dir='ltr'>eius</span> <span class='ocrx_word' id='word_1_88' title='bbox 1152 814 1267 845; x_wconf 88' lang='lat' dir='ltr'>tanta</span> <span class='ocrx_word' id='word_1_89' title='bbox 1294 815 1355 845; x_wconf 83' lang='lat' dir='ltr'>est</span> 
     </span>
     <span class='ocr_line' id='line_1_16' title="bbox 175 863 1351 912; baseline -0.002 -12"><span class='ocrx_word' id='word_1_90' title='bbox 175 870 221 901; x_wconf 88' lang='lat' dir='ltr'>ut</span> <span class='ocrx_word' id='word_1_91' title='bbox 241 866 428 900; x_wconf 89' lang='lat' dir='ltr'>iumentis</span> <span class='ocrx_word' id='word_1_92' title='bbox 448 863 763 900; x_wconf 85' lang='lat' dir='ltr'>discordantibus</span> <span class='ocrx_word' id='word_1_93' title='bbox 787 865 880 912; x_wconf 85' lang='lat' dir='ltr'>iugo</span> <span class='ocrx_word' id='word_1_94' title='bbox 900 865 1072 911; x_wconf 88' lang='lat' dir='ltr'>inposita</span> <span class='ocrx_word' id='word_1_95' title='bbox 1095 864 1351 911; x_wconf 87' lang='lat' dir='ltr'>asperitatem</span> 
     </span>
     <span class='ocr_line' id='line_1_17' title="bbox 178 917 373 954; baseline -0.01 0"><span class='ocrx_word' id='word_1_96' title='bbox 178 917 373 954; x_wconf 89' lang='lat' dir='ltr'>cohibeat.</span> 
     </span>
    </p>

    <p class='ocr_par' dir='ltr' id='par_1_5' title="bbox 174 968 1357 1340">
     <span class='ocr_line' id='line_1_18' title="bbox 225 968 1354 1018; baseline -0.003 -11"><span class='ocrx_word' id='word_1_97' title='bbox 225 970 410 1007; x_wconf 83' lang='lat' dir='ltr'>XXXVI.</span> <span class='ocrx_word' id='word_1_98' title='bbox 441 969 632 1006; x_wconf 83' lang='lat' dir='ltr'>Mulieres</span> <span class='ocrx_word' id='word_1_99' title='bbox 660 982 819 1018; x_wconf 91' lang='lat' dir='ltr'>quoque</span> <span class='ocrx_word' id='word_1_100' title='bbox 846 968 947 1005; x_wconf 89' lang='lat' dir='ltr'>hanc</span> <span class='ocrx_word' id='word_1_101' title='bbox 980 968 1146 1018; x_wconf 86' lang='lat' dir='ltr'>gloriam</span> <span class='ocrx_word' id='word_1_102' title='bbox 1181 968 1354 1005; x_wconf 89' lang='lat' dir='ltr'>adfecta-</span> 
     </span>
     <span class='ocr_line' id='line_1_19' title="bbox 175 1021 1357 1073; baseline -0.002 -13"><span class='ocrx_word' id='word_1_103' title='bbox 175 1037 280 1067; x_wconf 88' lang='lat' dir='ltr'>vere,</span> <span class='ocrx_word' id='word_1_104' title='bbox 292 1026 333 1060; x_wconf 94' lang='lat' dir='ltr'>in</span> <span class='ocrx_word' id='word_1_105' title='bbox 346 1024 488 1073; x_wconf 81' lang='lat' dir='ltr'>quibus</span> <span class='ocrx_word' id='word_1_106' title='bbox 502 1024 716 1059; x_wconf 87' lang='lat' dir='ltr'>Artemisia</span> <span class='ocrx_word' id='word_1_107' title='bbox 730 1036 828 1059; x_wconf 81' lang='lat' dir='ltr'>uxor</span> <span class='ocrx_word' id='word_1_108' title='bbox 843 1021 1015 1058; x_wconf 82' lang='lat' dir='ltr'>Mausoli</span> <span class='ocrx_word' id='word_1_109' title='bbox 1028 1022 1220 1072; x_wconf 88' lang='lat' dir='ltr'>adoptata</span> <span class='ocrx_word' id='word_1_110' title='bbox 1231 1022 1357 1058; x_wconf 89' lang='lat' dir='ltr'>herba</span> 
     </span>
     <span class='ocr_line' id='line_1_20' title="bbox 176 1076 1355 1127; baseline -0.002 -13"><span class='ocrx_word' id='word_1_111' title='bbox 176 1090 279 1127; x_wconf 89' lang='lat' dir='ltr'>quae</span> <span class='ocrx_word' id='word_1_112' title='bbox 303 1083 423 1113; x_wconf 87' lang='lat' dir='ltr'>antea</span> <span class='ocrx_word' id='word_1_113' title='bbox 446 1076 652 1126; x_wconf 86' lang='lat' dir='ltr'>parthenis</span> <span class='ocrx_word' id='word_1_114' title='bbox 675 1076 902 1112; x_wconf 79' lang='lat' dir='ltr'>vocabatur.</span> <span class='ocrx_word' id='word_1_115' title='bbox 958 1081 1051 1112; x_wconf 85' lang='lat' dir='ltr'>sunt</span> <span class='ocrx_word' id='word_1_116' title='bbox 1074 1078 1141 1125; x_wconf 91' lang='lat' dir='ltr'>qui</span> <span class='ocrx_word' id='word_1_117' title='bbox 1165 1076 1215 1112; x_wconf 87' lang='lat' dir='ltr'>ab</span> <span class='ocrx_word' id='word_1_118' title='bbox 1238 1076 1355 1112; x_wconf 90' lang='lat' dir='ltr'>Arte-</span> 
     </span>
     <span class='ocr_line' id='line_1_21' title="bbox 176 1129 1356 1180; baseline -0.003 -13"><span class='ocrx_word' id='word_1_119' title='bbox 176 1130 282 1167; x_wconf 91' lang='lat' dir='ltr'>mide</span> <span class='ocrx_word' id='word_1_120' title='bbox 308 1129 471 1180; x_wconf 86' lang='lat' dir='ltr'>Ilithyia</span> <span class='ocrx_word' id='word_1_121' title='bbox 493 1132 815 1179; x_wconf 85' lang='lat' dir='ltr'>cognominatam</span> <span class='ocrx_word' id='word_1_122' title='bbox 838 1134 997 1178; x_wconf 86' lang='lat' dir='ltr'>putent,</span> <span class='ocrx_word' id='word_1_123' title='bbox 1021 1131 1207 1178; x_wconf 88' lang='lat' dir='ltr'>quoniam</span> <span class='ocrx_word' id='word_1_124' title='bbox 1229 1131 1356 1178; x_wconf 78' lang='lat' dir='ltr'>priva-</span> 
     </span>
     <span class='ocr_line' id='line_1_22' title="bbox 175 1181 1355 1221; baseline -0.002 -1"><span class='ocrx_word' id='word_1_125' title='bbox 175 1187 249 1221; x_wconf 90' lang='lat' dir='ltr'>tim</span> <span class='ocrx_word' id='word_1_126' title='bbox 268 1183 478 1220; x_wconf 89' lang='lat' dir='ltr'>medeatur</span> <span class='ocrx_word' id='word_1_127' title='bbox 496 1182 735 1219; x_wconf 90' lang='lat' dir='ltr'>feminarum</span> <span class='ocrx_word' id='word_1_128' title='bbox 754 1182 878 1218; x_wconf 87' lang='lat' dir='ltr'>malis.</span> <span class='ocrx_word' id='word_1_129' title='bbox 935 1188 995 1219; x_wconf 89' lang='lat' dir='ltr'>est</span> <span class='ocrx_word' id='word_1_130' title='bbox 1015 1188 1150 1218; x_wconf 90' lang='lat' dir='ltr'>autem</span> <span class='ocrx_word' id='word_1_131' title='bbox 1169 1181 1355 1219; x_wconf 90' lang='lat' dir='ltr'>absinthii</span> 
     </span>
     <span class='ocr_line' id='line_1_23' title="bbox 175 1234 1356 1285; baseline -0.003 -11"><span class='ocrx_word' id='word_1_132' title='bbox 175 1237 293 1274; x_wconf 91' lang='lat' dir='ltr'>modo</span> <span class='ocrx_word' id='word_1_133' title='bbox 311 1236 512 1279; x_wconf 88' lang='lat' dir='ltr'>fruticosa,</span> <span class='ocrx_word' id='word_1_134' title='bbox 529 1236 742 1272; x_wconf 90' lang='lat' dir='ltr'>maioribus</span> <span class='ocrx_word' id='word_1_135' title='bbox 761 1234 862 1272; x_wconf 86' lang='lat' dir='ltr'>foliis</span> <span class='ocrx_word' id='word_1_136' title='bbox 880 1236 1186 1285; x_wconf 89' lang='lat' dir='ltr'>pinguibusque.</span> <span class='ocrx_word' id='word_1_137' title='bbox 1236 1237 1356 1284; x_wconf 91' lang='lat' dir='ltr'>ipsius</span> 
     </span>
     <span class='ocr_line' id='line_1_24' title="bbox 174 1287 1356 1340; baseline -0.003 -13"><span class='ocrx_word' id='word_1_138' title='bbox 174 1290 253 1327; x_wconf 90' lang='lat' dir='ltr'>duo</span> <span class='ocrx_word' id='word_1_139' title='bbox 285 1302 455 1340; x_wconf 87' lang='lat' dir='ltr'>genera:</span> <span class='ocrx_word' id='word_1_140' title='bbox 501 1289 661 1326; x_wconf 87' lang='lat' dir='ltr'>alteral</span> <span class='ocrx_word' id='word_1_141' title='bbox 696 1288 811 1325; x_wconf 92' lang='lat' dir='ltr'>altior</span> <span class='ocrx_word' id='word_1_142' title='bbox 843 1288 1048 1325; x_wconf 90' lang='lat' dir='ltr'>latioribus</span> <span class='ocrx_word' id='word_1_143' title='bbox 1081 1287 1197 1332; x_wconf 88' lang='lat' dir='ltr'>foliis,</span> <span class='ocrx_word' id='word_1_144' title='bbox 1231 1288 1356 1325; x_wconf 91' lang='lat' dir='ltr'>altera</span> 
     </span>
    </p>
   </div>
   <div class='ocr_carea' id='block_1_4' title="bbox 181 1383 1355 1512">
    <p class='ocr_par' dir='ltr' id='par_1_6' title="bbox 181 1383 1355 1512">
     <span class='ocr_line' id='line_1_25' title="bbox 226 1383 1353 1426; baseline -0.001 -9.968"><span class='ocrx_word' id='word_1_145' title='bbox 226 1385 368 1417; x_wconf 76' lang='lat' dir='ltr'>1altera</span> <span class='ocrx_word' id='word_1_146' title='bbox 384 1384 485 1416; x_wconf 87' lang='lat' dir='ltr'>altior</span> <span class='ocrx_word' id='word_1_147' title='bbox 500 1395 576 1426; x_wconf 79' lang='lat' dir='ltr'>eqo.</span> <span class='ocrx_word' id='word_1_148' title='bbox 605 1384 713 1416; x_wconf 73' lang='lat' dir='ltr'>altera</span> <span class='ocrx_word' id='word_1_149' title='bbox 728 1384 836 1425; x_wconf 49' lang='lat' dir='ltr'>vulga:</span> <span class='ocrx_word' id='word_1_150' title='bbox 865 1384 966 1415; x_wconf 72' lang='lat' dir='ltr'>altior</span> <span class='ocrx_word' id='word_1_151' title='bbox 981 1383 1093 1416; x_wconf 82' lang='lat' dir='ltr'>codd.:</span> <span class='ocrx_word' id='word_1_152' title='bbox 1124 1383 1256 1415; x_wconf 86' lang='lat' dir='ltr'>valdior</span> <span class='ocrx_word' id='word_1_153' title='bbox 1270 1383 1353 1415; x_wconf 85' lang='lat' dir='ltr'>coni.</span> 
     </span>
     <span class='ocr_line' id='line_1_26' title="bbox 181 1426 1355 1469; baseline -0.001 -10"><span class='ocrx_word' id='word_1_154' title='bbox 181 1428 355 1469; x_wconf 74' lang='lat' dir='ltr'>Maykoff:</span> <span class='ocrx_word' id='word_1_155' title='bbox 390 1427 409 1468; x_wconf 83' lang='grc' dir='ltr'>ἡ</span> <span class='ocrx_word' id='word_1_156' title='bbox 433 1427 492 1468; x_wconf 86' lang='grc' dir='ltr'>μέν</span> <span class='ocrx_word' id='word_1_157' title='bbox 515 1441 544 1458; x_wconf 88' lang='grc' dir='ltr'>τι</span> <span class='ocrx_word' id='word_1_158' title='bbox 540 1427 563 1461; x_wconf 88' lang='grc' dir='ltr'>’ς</span> <span class='ocrx_word' id='word_1_159' title='bbox 587 1427 676 1459; x_wconf 83' lang='grc' dir='ltr'>ἐστιν</span> <span class='ocrx_word' id='word_1_160' title='bbox 698 1427 795 1468; x_wconf 80' lang='grc' dir='ltr'><strong><em>αὐτῆς</em></strong></span> <span class='ocrx_word' id='word_1_161' title='bbox 821 1426 947 1468; x_wconf 80' lang='grc' dir='ltr'><strong><em>εὐερνής</em></strong></span> <span class='ocrx_word' id='word_1_162' title='bbox 970 1427 1184 1458; x_wconf 80' lang='lat' dir='ltr'>Dioscorides</span> <span class='ocrx_word' id='word_1_163' title='bbox 1204 1426 1270 1458; x_wconf 87' lang='grc' dir='ltr'><strong>ῙῙῙ.</strong></span> <span class='ocrx_word' id='word_1_164' title='bbox 1295 1428 1355 1459; x_wconf 86' lang='grc'>113</span> 
     </span>
     <span class='ocr_line' id='line_1_27' title="bbox 183 1470 754 1512; baseline -0.004 -9"><span class='ocrx_word' id='word_1_165' title='bbox 183 1471 410 1512; x_wconf 82' lang='lat' dir='ltr'>(Wellmann).</span> <span class='ocrx_word' id='word_1_166' title='bbox 459 1471 613 1502; x_wconf 67' lang='lat' dir='ltr'>Fortasse</span> <span class='ocrx_word' id='word_1_167' title='bbox 628 1470 754 1502; x_wconf 83' lang='lat' dir='ltr'>valida.</span> 
     </span>
    </p>
   </div>
   <div class='ocr_carea' id='block_1_5' title="bbox 175 1632 1356 1975">
    <p class='ocr_par' dir='ltr' id='par_1_7' title="bbox 175 1632 1356 1975">
     <span class='ocr_line' id='line_1_28' title="bbox 219 1632 1356 1675; baseline 0 -10"><span class='ocrx_word' id='word_1_168' title='bbox 219 1633 355 1675; x_wconf 71' lang='lat' dir='ltr'>“Pliny</span> <span class='ocrx_word' id='word_1_169' title='bbox 388 1634 449 1665; x_wconf 86' lang='lat' dir='ltr'>has</span> <span class='ocrx_word' id='word_1_170' title='bbox 482 1633 684 1675; x_wconf 81' lang='lat' dir='ltr'>apparently</span> <span class='ocrx_word' id='word_1_171' title='bbox 718 1633 889 1674; x_wconf 75' lang='lat' dir='ltr'>forgot‘oen</span> <span class='ocrx_word' id='word_1_172' title='bbox 922 1633 1000 1665; x_wconf 77' lang='lat' dir='ltr'>that</span> <span class='ocrx_word' id='word_1_173' title='bbox 1036 1633 1078 1665; x_wconf 89' lang='lat' dir='ltr'>he</span> <span class='ocrx_word' id='word_1_174' title='bbox 1110 1632 1232 1664; x_wconf 85' lang='lat' dir='ltr'>should</span> <span class='ocrx_word' id='word_1_175' title='bbox 1268 1633 1356 1665; x_wconf 77' lang='lat' dir='ltr'>have</span> 
     </span>
     <span class='ocr_line' id='line_1_29' title="bbox 178 1676 1296 1717; baseline -0.001 -9"><span class='ocrx_word' id='word_1_176' title='bbox 178 1678 311 1708; x_wconf 74' lang='lat' dir='ltr'>written</span> <span class='ocrx_word' id='word_1_177' title='bbox 325 1677 519 1717; x_wconf 81' lang='lat' dir='ltr'>plurimam,</span> <span class='ocrx_word' id='word_1_178' title='bbox 536 1676 651 1717; x_wconf 83' lang='lat' dir='ltr'>partly</span> <span class='ocrx_word' id='word_1_179' title='bbox 666 1677 810 1708; x_wconf 82' lang='lat' dir='ltr'>because</span> <span class='ocrx_word' id='word_1_180' title='bbox 825 1676 863 1707; x_wconf 84' lang='lat' dir='ltr'>of</span> <span class='ocrx_word' id='word_1_181' title='bbox 874 1676 933 1707; x_wconf 75' lang='lat' dir='ltr'>the</span> <span class='ocrx_word' id='word_1_182' title='bbox 948 1676 1114 1708; x_wconf 87' lang='lat' dir='ltr'>influence</span> <span class='ocrx_word' id='word_1_183' title='bbox 1130 1676 1168 1707; x_wconf 87' lang='lat' dir='ltr'>of</span> <span class='ocrx_word' id='word_1_184' title='bbox 1179 1676 1296 1708; x_wconf 81' lang='lat' dir='ltr'>radice.</span> 
     </span>
     <span class='ocr_line' id='line_1_30' title="bbox 223 1718 1353 1772; baseline 0.001 -22"><span class='ocrx_word' id='word_1_185' title='bbox 223 1719 235 1739; x_wconf 73' lang='lat'>¹²</span> <span class='ocrx_word' id='word_1_186' title='bbox 258 1720 329 1751; x_wconf 90' lang='lat' dir='ltr'>The</span> <span class='ocrx_word' id='word_1_187' title='bbox 352 1719 493 1772; x_wconf 85' lang='lat' dir='ltr'>parallel</span> <span class='ocrx_word' id='word_1_188' title='bbox 515 1729 657 1760; x_wconf 85' lang='lat' dir='ltr'>passage</span> <span class='ocrx_word' id='word_1_189' title='bbox 680 1720 714 1750; x_wconf 89' lang='lat' dir='ltr'>in</span> <span class='ocrx_word' id='word_1_190' title='bbox 738 1719 953 1750; x_wconf 86' lang='lat' dir='ltr'>Dioscorides</span> <span class='ocrx_word' id='word_1_191' title='bbox 975 1719 1130 1750; x_wconf 88' lang='lat'>111.113</span> <span class='ocrx_word' id='word_1_192' title='bbox 1154 1718 1316 1759; x_wconf 84' lang='grc' dir='ltr'>(ἀρτεμισι</span> <span class='ocrx_word' id='word_1_193' title='bbox 1311 1718 1353 1757; x_wconf 80' lang='grc' dir='ltr'>ἀ)</span> 
     </span>
     <span class='ocr_line' id='line_1_31' title="bbox 177 1761 1355 1803; baseline -0.001 -9"><span class='ocrx_word' id='word_1_194' title='bbox 177 1764 226 1794; x_wconf 82' lang='lat' dir='ltr'>is:</span> <span class='ocrx_word' id='word_1_195' title='bbox 266 1762 285 1803; x_wconf 90' lang='grc' dir='ltr'>ἡ</span> <span class='ocrx_word' id='word_1_196' title='bbox 308 1762 367 1802; x_wconf 89' lang='grc' dir='ltr'>μέν</span> <span class='ocrx_word' id='word_1_197' title='bbox 384 1761 432 1796; x_wconf 85' lang='grc' dir='ltr'>τίς</span> <span class='ocrx_word' id='word_1_198' title='bbox 453 1761 543 1793; x_wconf 86' lang='grc' dir='ltr'>ἐστιν</span> <span class='ocrx_word' id='word_1_199' title='bbox 566 1761 663 1803; x_wconf 81' lang='grc' dir='ltr'><strong><em>αὐτῆς</em></strong></span> <span class='ocrx_word' id='word_1_200' title='bbox 687 1762 756 1802; x_wconf 79' lang='grc' dir='ltr'>εὐερ</span> <span class='ocrx_word' id='word_1_201' title='bbox 738 1761 824 1802; x_wconf 83' lang='grc' dir='ltr'><strong><em>ρνής,</em></strong></span> <span class='ocrx_word' id='word_1_202' title='bbox 844 1761 1024 1802; x_wconf 84' lang='grc' dir='ltr'>πλατύτερα</span> <span class='ocrx_word' id='word_1_203' title='bbox 1048 1761 1166 1802; x_wconf 83' lang='grc' dir='ltr'>ἔχουσα</span> <span class='ocrx_word' id='word_1_204' title='bbox 1188 1761 1228 1792; x_wconf 83' lang='grc' dir='ltr'>τὰ</span> <span class='ocrx_word' id='word_1_205' title='bbox 1252 1762 1355 1803; x_wconf 83' lang='grc' dir='ltr'>φύλλα</span> 
     </span>
     <span class='ocr_line' id='line_1_32' title="bbox 177 1804 1352 1845; baseline -0.001 -8"><span class='ocrx_word' id='word_1_206' title='bbox 177 1819 230 1837; x_wconf 88' lang='grc' dir='ltr'>και</span> <span class='ocrx_word' id='word_1_207' title='bbox 260 1805 316 1839; x_wconf 85' lang='grc' dir='ltr'>τὰς</span> <span class='ocrx_word' id='word_1_208' title='bbox 347 1805 496 1845; x_wconf 84' lang='grc' dir='ltr'><strong><em>ῥάβδους,</em></strong></span> <span class='ocrx_word' id='word_1_209' title='bbox 529 1804 549 1844; x_wconf 88' lang='grc' dir='ltr'>ἡ</span> <span class='ocrx_word' id='word_1_210' title='bbox 581 1804 614 1836; x_wconf 84' lang='grc' dir='ltr'>δὲ</span> <span class='ocrx_word' id='word_1_211' title='bbox 644 1804 822 1845; x_wconf 83' lang='grc' dir='ltr'>λεπτοτέρα</span> <span class='ocrx_word' id='word_1_212' title='bbox 855 1807 880 1843; x_wconf 86' lang='lat'>(?</span> <span class='ocrx_word' id='word_1_213' title='bbox 891 1804 1094 1845; x_wconf 85' lang='grc' dir='ltr'>λεπτότερα),</span> <span class='ocrx_word' id='word_1_214' title='bbox 1128 1804 1208 1845; x_wconf 86' lang='grc' dir='ltr'>ἅνθη</span> <span class='ocrx_word' id='word_1_215' title='bbox 1243 1805 1352 1845; x_wconf 83' lang='grc' dir='ltr'>μικρά,</span> 
     </span>
     <span class='ocr_line' id='line_1_33' title="bbox 175 1847 1353 1888; baseline -0.001 -9"><span class='ocrx_word' id='word_1_216' title='bbox 175 1848 287 1883; x_wconf 85' lang='grc' dir='ltr'>λεπτά,</span> <span class='ocrx_word' id='word_1_217' title='bbox 305 1848 483 1888; x_wconf 84' lang='grc' dir='ltr'>βαρύοσμα.</span> <span class='ocrx_word' id='word_1_218' title='bbox 530 1847 601 1878; x_wconf 86' lang='lat' dir='ltr'>The</span> <span class='ocrx_word' id='word_1_219' title='bbox 620 1848 759 1888; x_wconf 80' lang='lat' dir='ltr'>reading</span> <span class='ocrx_word' id='word_1_220' title='bbox 778 1848 813 1879; x_wconf 88' lang='lat' dir='ltr'>in</span> <span class='ocrx_word' id='word_1_221' title='bbox 832 1847 892 1878; x_wconf 83' lang='lat' dir='ltr'>the</span> <span class='ocrx_word' id='word_1_222' title='bbox 911 1851 987 1878; x_wconf 77' lang='lat' dir='ltr'>text</span> <span class='ocrx_word' id='word_1_223' title='bbox 1008 1848 1078 1888; x_wconf 89' lang='lat' dir='ltr'>imp</span> <span class='ocrx_word' id='word_1_224' title='bbox 1080 1847 1140 1878; x_wconf 79' lang='lat' dir='ltr'>lies</span> <span class='ocrx_word' id='word_1_225' title='bbox 1160 1847 1239 1878; x_wconf 77' lang='lat' dir='ltr'>that</span> <span class='ocrx_word' id='word_1_226' title='bbox 1255 1847 1353 1888; x_wconf 87' lang='lat' dir='ltr'>Pliny</span> 
     </span>
     <span class='ocr_line' id='line_1_34' title="bbox 178 1890 1353 1931; baseline 0 -9"><span class='ocrx_word' id='word_1_227' title='bbox 178 1891 369 1922; x_wconf 78' lang='lat' dir='ltr'>translated</span> <span class='ocrx_word' id='word_1_228' title='bbox 381 1890 509 1931; x_wconf 82' lang='grc' dir='ltr'><strong><em>εὖερνής</em></strong></span> <span class='ocrx_word' id='word_1_229' title='bbox 526 1890 572 1931; x_wconf 90' lang='lat' dir='ltr'>by</span> <span class='ocrx_word' id='word_1_230' title='bbox 588 1890 685 1921; x_wconf 78' lang='lat' dir='ltr'>altior</span> <span class='ocrx_word' id='word_1_231' title='bbox 697 1891 766 1922; x_wconf 91' lang='lat' dir='ltr'>and</span> <span class='ocrx_word' id='word_1_232' title='bbox 777 1890 856 1921; x_wconf 86' lang='lat' dir='ltr'>that</span> <span class='ocrx_word' id='word_1_233' title='bbox 869 1890 970 1921; x_wconf 76' lang='lat' dir='ltr'>altera</span> <span class='ocrx_word' id='word_1_234' title='bbox 983 1890 1044 1921; x_wconf 83' lang='lat' dir='ltr'>has</span> <span class='ocrx_word' id='word_1_235' title='bbox 1062 1890 1146 1921; x_wconf 87' lang='lat' dir='ltr'>been</span> <span class='ocrx_word' id='word_1_236' title='bbox 1158 1890 1226 1921; x_wconf 76' lang='lat' dir='ltr'>lost</span> <span class='ocrx_word' id='word_1_237' title='bbox 1239 1890 1353 1922; x_wconf 89' lang='lat' dir='ltr'>before</span> 
     </span>
     <span class='ocr_line' id='line_1_35' title="bbox 176 1932 1352 1975; baseline 0 -10"><span class='ocrx_word' id='word_1_238' title='bbox 176 1934 283 1965; x_wconf 81' lang='lat' dir='ltr'>altior.</span> <span class='ocrx_word' id='word_1_239' title='bbox 300 1933 457 1974; x_wconf 83' lang='lat' dir='ltr'>Mayhoff</span> <span class='ocrx_word' id='word_1_240' title='bbox 474 1937 628 1975; x_wconf 73' lang='lat' dir='ltr'>suggests</span> <span class='ocrx_word' id='word_1_241' title='bbox 651 1933 775 1965; x_wconf 73' lang='lat' dir='ltr'>valdior</span> <span class='ocrx_word' id='word_1_242' title='bbox 795 1933 847 1964; x_wconf 89' lang='lat' dir='ltr'>for</span> <span class='ocrx_word' id='word_1_243' title='bbox 867 1933 975 1970; x_wconf 72' lang='lat' dir='ltr'>altior,</span> <span class='ocrx_word' id='word_1_244' title='bbox 997 1933 1063 1965; x_wconf 88' lang='lat' dir='ltr'>and</span> <span class='ocrx_word' id='word_1_245' title='bbox 1087 1932 1232 1974; x_wconf 84' lang='lat' dir='ltr'>perhaps</span> <span class='ocrx_word' id='word_1_246' title='bbox 1253 1933 1352 1974; x_wconf 86' lang='lat' dir='ltr'>Pliny</span> 
     </span>
    </p>
   </div>
   <div class='ocr_carea' id='block_1_6' title="bbox 179 1997 245 2032">
    <p class='ocr_par' dir='ltr' id='par_1_8' title="bbox 179 1997 245 2032">
     <span class='ocr_line' id='line_1_36' title="bbox 179 1997 245 2032; baseline 0 0"><span class='ocrx_word' id='word_1_247' title='bbox 179 1997 245 2032; x_wconf 89' lang='lat'>188</span> 
     </span>
    </p>
   </div>
  </div>
 </body>
</html>
