1459 2288
149 260 187 290 91

147 1060 187 1091 93

421 154 615 190 PLINY:
661 153 923 191 NATURAL
957 153 1192 190 HISTORY

268 255 334 291 LI.
366 255 611 291 Invenerunt
647 261 688 290 et
723 267 839 290 canes
876 267 954 303 qua
990 254 1195 290 fastidium
1230 256 1393 290 vincunt

217 322 385 357 eamque
419 311 459 344 in
493 314 626 344 nostro
660 314 875 357 conspectu
909 308 1120 350 mandunt,
1154 307 1223 344 sed
1257 310 1314 344 ita
1348 313 1393 344 ut

216 375 433 410 numquam
473 361 735 411 intellegatur
774 374 877 410 quae
918 364 980 397 sit.
1037 363 1186 397 etenim
1226 361 1394 410 depasta

215 418 401 452 cernitur.
456 420 596 451 notata
626 420 687 451 est
715 414 814 450 haec
843 414 1024 450 animalis
1054 417 1136 450 eius
1166 414 1392 463 malignitas

216 471 257 505 in
294 468 371 504 alia
406 467 531 504 herba
567 471 703 504 maior.
758 480 965 517 percussus
1004 470 1110 504 enim
1147 481 1170 503 a
1206 473 1392 516 serpente

214 522 365 558 mederi
390 523 464 558 sibi
489 521 663 571 quadam
687 521 846 564 dicitur,
871 521 943 558 sed
966 521 1076 557 illam
1101 520 1260 557 homine
1285 533 1393 570 spec-

214 581 329 612 tante
347 589 425 611 non
443 575 634 624 decerpit.

267 628 355 664 LII.
386 628 609 677 Simplicius
631 641 771 665 cervae
794 633 1065 664 monstravere
1089 627 1392 677 elaphoboscon,

215 682 264 718 de
289 695 367 730 qua
389 682 575 725 diximus,
597 684 696 718 item
718 681 862 718 seselin
880 682 894 704 1
921 694 943 717 a
968 687 1086 730 partu
1114 687 1155 718 et
1181 682 1394 724 tamnum‚2

217 735 363 785 (LIII.)
392 735 618 779 ostendere,
655 741 700 772 ut
728 735 1000 778 indicavimus,
1022 741 1063 771 et
1088 733 1103 756 3
1118 735 1363 771 dictamnum
1380 734 1396 757 4

215 789 448 825 vulneratae
472 794 590 838 pastu
613 791 751 825 statim
773 788 864 825 telis
887 788 1176 824 decidentibus.
1231 801 1308 824 non
1333 794 1393 824 est

215 841 309 878 alibi
333 855 453 891 quam
476 845 517 878 in
540 841 674 885 Creta,
697 844 815 878 ramis
838 848 1073 891 praetenue,
1096 841 1229 891 puleio
1252 841 1393 885 simile,

214 894 370 931 fervens
403 901 444 932 et
476 908 565 932 acre
596 901 729 945 gustu.
784 894 887 931 foliis
920 901 1079 931 tantum
1110 901 1292 938 utuntur,
1324 894 1393 931 flos

214 948 345 985 nullus
371 955 440 985 aut
467 961 604 985 semen
632 954 702 985 aut
728 948 864 992 caulis,
888 949 1001 985 radix
1029 951 1160 985 tenuis
1189 961 1233 984 ac
1259 961 1393 998 super-

214 1015 348 1038 vacua.
407 1008 448 1039 et
463 1005 504 1038 in
518 1002 639 1038 Creta
652 1008 788 1038 autem
801 1015 879 1038 non
893 1005 1067 1051 spatiosa
1079 1004 1266 1045 nascitur,
1278 1005 1391 1038 mire-

216 1068 293 1104 que
307 1058 433 1104 capris
447 1058 663 1104 expetitur.
718 1069 788 1105 pro
802 1068 848 1092 eo
863 1062 923 1092 est
938 1061 979 1092 et
994 1055 1393 1104 pseudodictamnum

214 1108 348 1145 multis
374 1112 414 1145 in
438 1112 553 1146 terris
577 1122 757 1152 nascens,
782 1108 876 1145 folio
901 1109 1042 1152 simile,
1066 1109 1227 1145 ramulis
1251 1112 1393 1145 minor-

213 1163 313 1206 ibus,
370 1176 393 1198 a
447 1163 687 1212 quibusdam
742 1162 925 1199 chondris
981 1168 1177 1199 vocatum.
1232 1165 1392 1199 minoris

265 1261 275 1278 ¹
301 1259 420 1290 sesefin
452 1259 537 1290 coni.
572 1258 729 1299 Mayhoff
741 1271 748 1290 :
793 1259 888 1290 seseli
926 1260 1047 1290 enixae
1078 1259 1278 1290 Hermolaus
1311 1260 1391 1290 Bar-

218 1302 337 1351 barus:
376 1301 533 1333 helxinen
559 1302 716 1343 Mayhoff
736 1302 773 1332 in
798 1305 883 1332 textu
908 1305 936 1332 et
959 1301 1145 1342 Detlefsen:
1184 1302 1317 1333 helxine
1336 1306 1393 1333 aut

219 1344 502 1419 hegbleltetcatigldum
518 1388 602 1420 coni.
618 1388 658 1419 M
661 1388 776 1428 ayhoff
791 1388 893 1420 VIII.
909 1388 923 1427 ἓ
940 1389 1000 1419 112
1014 1388 1128 1419 collato
1142 1400 1149 1418 :
1177 1389 1392 1420 dictamnum

218 1431 416 1462 Hermolaus
446 1431 614 1463 Barbarus
631 1445 637 1464 :
681 1432 809 1463 dictam
841 1431 998 1472 Mayhoff
1023 1432 1060 1462 in
1089 1435 1186 1468 textu,
1216 1431 1391 1472 Detlessen,

217 1475 332 1549 ⁶03(th
347 1528 401 1557 ‹290
414 1518 540 1549 addidi.

260 1561 273 1579 ⁴
297 1561 510 1592 dictamnum
527 1561 587 1593 del.
605 1561 804 1592 Hermolaus
820 1561 999 1593 Barbarus.

256 1719 270 1733 ‘¹
294 1714 355 1746 See
372 1715 490 1747 XXII.
507 1715 522 1754 ξ
538 1716 591 1747 79.

258 1757 269 1776 ⁶
294 1758 510 1797 VIII.§112.

255 1805 266 1819 ⁶
292 1801 388 1833 VIII.
401 1802 416 1840 ἓ
428 1803 482 1833 97.
525 1801 595 1832 The
610 1802 748 1842 reading
761 1801 800 1832 of
807 1801 866 1833 the
878 1801 971 1833 MSS.
987 1802 1015 1833 is
1026 1812 1110 1842 very
1123 1806 1260 1842 corrupt,
1274 1803 1309 1833 in
1322 1802 1390 1833 this

211 1850 380 1880 sentence,
398 1845 466 1875 and
482 1844 541 1875 the
558 1855 674 1875 means
692 1845 730 1875 of
743 1856 786 1876 an
803 1846 1042 1885 approximat-e
1058 1846 1262 1876 restoration
1280 1856 1336 1876 are
1352 1850 1390 1876 to

211 1887 252 1918 be
274 1888 381 1918 found
403 1888 437 1918 in
461 1887 520 1918 the
543 1887 714 1928 following
738 1898 919 1928 passages:
958 1888 1076 1919 XXII.
1102 1888 1116 1927 ξ
1140 1890 1178 1919 41
1198 1901 1204 1919 :
1241 1889 1332 1920 unde
1355 1892 1390 1919 et

210 1930 367 1961 helxinen
395 1930 524 1961 dictam
548 1930 687 1966 volunt;
723 1930 821 1962 VIII.
845 1932 859 1970 §
884 1932 968 1962 112:
1009 1941 1030 1961 a
1050 1935 1153 1971 partu
1181 1931 1278 1968 duas,
1302 1941 1389 1971 quae

211 1977 350 2004 tamnus
365 1977 401 2004 et
417 1973 530 2004 seselis
546 1973 774 2014 appellantur,
787 1978 907 2014 pastae
919 1974 1063 2005 redeunt
1075 1975 1119 2005 ad
1135 1974 1263 2010 fetum;
1289 1974 1386 2005 VIII.

208 2016 277 2054 §97
294 2029 301 2047 :
333 2016 546 2048 dictamnum
563 2016 704 2048 herbam
720 2017 940 2048 extrahendis
959 2018 1093 2058 sagittis
1111 2018 1200 2049 cervi
1218 2021 1385 2049 monstra-

211 2088 280 2113 202
