1459 2288
64 672 122 702 117

64 1099 123 1129 118

354 189 546 226 PLINY:
592 189 854 226 NATURAL
887 189 1123 227 HISTORY

150 295 263 332 caule
298 298 449 331 eximat
481 294 671 343 dicatque
705 294 755 331 ad
789 307 909 344 quem
942 295 1193 332 liberandum
1226 295 1325 332 febri

150 348 190 385 id
211 348 333 384 faciat
355 354 397 384 et
418 347 557 397 alliget
579 350 614 384 ei
636 354 794 397 septem
815 347 908 384 folia
930 354 1025 384 ante
1047 351 1327 392 accessionem,

151 404 264 438 aiunt
290 400 391 437 febri
418 401 592 444 liberari,
619 403 718 438 item
745 404 973 438 vettonicae
1000 401 1232 438 drachmam
1248 402 1263 425 1
1288 405 1327 438 in

151 468 280 504 aquae
306 454 459 491 mulsae
486 454 642 504 cyathis
668 455 796 491 tribus
823 454 886 490 vel
913 457 1130 504 agaricum,
1154 458 1327 492 maxime

151 511 191 544 in
212 511 257 544 iis
279 507 458 544 febribus
480 521 584 557 quae
606 521 697 544 cum
717 507 879 544 horrore
901 511 1078 545 veniant.
1134 511 1328 558 quinque-

150 561 233 598 folii
262 560 358 598 folia
386 561 549 611 quidam
578 567 696 598 terna
724 563 908 598 tertianis
938 561 1102 605 dedere,
1132 567 1329 611 quaterna

150 617 370 664 quartanis,
389 614 503 664 plura
521 617 680 657 ceteris,
699 614 764 650 alii
783 615 965 651 omnibus
984 620 1065 651 tres
1085 615 1220 651 obolos
1239 628 1328 652 cum

150 671 289 718 pipere
308 681 358 704 ex
376 681 481 717 aqua
498 667 637 704 mulsa.
694 668 918 704 verbenaca
935 668 1099 717 quidem
1117 674 1159 705 et
1176 671 1328 705 iumen-

150 728 283 758 torum
310 720 489 758 febribus
516 723 555 757 in
584 723 674 757 vino
701 721 902 765 medetur,
930 721 1001 758 sed
1027 724 1067 757 in
1095 724 1278 758 tertianis
1306 735 1329 758 a

150 778 272 811 tertio
289 774 474 825 geniculo
490 777 627 817 incisa,
645 777 850 824 quartanis
868 788 891 810 a
908 780 1064 823 quarto.
1119 775 1271 812 bibitur
1287 781 1329 812 et

150 841 288 865 semen
308 828 487 878 hyperici
509 830 717 877 utriusque
738 830 777 864 in
799 831 1004 877 quartanis
1026 834 1068 865 et
1087 827 1328 871 horroribus,

150 884 379 918 vettonicae
420 880 561 923 farina,
602 894 705 931 quae
749 894 887 917 omnes
930 881 1111 918 horrores
1154 888 1327 925 coercet,

151 938 249 971 item
289 948 460 984 panaces
501 934 603 971 adeo
643 934 952 971 excalefactoria
990 941 1135 971 natura
1173 941 1219 971 ut
1258 948 1329 984 per

151 991 284 1025 nivem
311 991 424 1024 ituris
450 988 588 1024 bibere
615 987 655 1024 id
683 990 962 1037 perunguique
988 1001 1035 1025 eo
1062 990 1324 1038 praecipiant.

151 1047 193 1078 et
213 1041 466 1078 aristolochia
485 1040 808 1090 perfrictionibus
828 1044 990 1078 resistit.

202 1094 371 1131 LXXII.
403 1094 662 1131 Phreneticos
679 1108 840 1131 somnus
857 1100 987 1138 sanat,
1004 1097 1071 1144 qui
1088 1097 1298 1145 continget
1315 1094 1329 1117 2

150 1148 385 1198 peucedano
408 1161 457 1185 ex
480 1154 596 1185 aceto
617 1151 738 1198 capiti
760 1147 906 1192 infuso,
928 1147 1200 1198 anagallidum
1222 1162 1326 1185 suco.

150 1215 172 1238 e
185 1202 342 1238 diverso
356 1201 596 1252 lethargicos
611 1204 788 1238 excitare
802 1201 914 1238 labor
927 1207 988 1238 est
1002 1214 1011 1245 ;
1028 1201 1102 1238 hoc
1115 1208 1325 1251 praestant

152 1255 428 1304 euphorbeum
472 1268 522 1292 ex
567 1261 682 1292 aceto
724 1255 886 1291 naribus
929 1258 1062 1298 tactis,
1105 1255 1327 1304 peucedani

151 1322 279 1345 sucus.
337 1314 477 1345 contra
532 1311 705 1345 insanias
762 1311 967 1345 vettonica
1021 1308 1184 1345 bibitur.
1246 1322 1328 1345 car-

149 1361 341 1398 bunculos
362 1364 513 1411 rumpit
534 1375 721 1411 panaces,
742 1367 858 1398 sanat
879 1364 1108 1398 vettonicae
1130 1361 1258 1398 farina
1279 1375 1327 1398 ex

207 1464 218 1482 ¹
243 1464 328 1494 Ante
366 1463 565 1494 drachmam
605 1463 758 1494 lacunam
797 1463 920 1494 indicat
961 1463 1122 1504 Mayhoff‚
1155 1463 1212 1503 qui
1251 1463 1323 1494 dari

159 1506 381 1546 supplendum
399 1516 464 1537 esse
481 1510 585 1546 putat.

161 1549 415 1632 szychffffingeb
440 1549 562 1589 aliquot
588 1548 689 1585 codd„
717 1548 902 1589 Detlefsen:
939 1549 1107 1590 contingit
1134 1549 1162 1579 E
1188 1559 1204 1579 r
1230 1548 1325 1588 vulg).5

187 1762 201 1777 ⁰
224 1758 381 1799 Mayhoff
391 1768 554 1799 supposes
568 1758 646 1789 that
661 1758 756 1789 there
770 1759 797 1789 is
811 1768 832 1789 a
848 1757 970 1789 lacuna
986 1757 1100 1790 before
1116 1758 1304 1790 drachmam
1317 1770 1324 1790 :

144 1800 164 1813 ‘⁴
179 1801 295 1832 excidit
335 1801 409 1832 dari
448 1801 495 1831 vel
534 1800 627 1832 aliud
665 1800 755 1841 quid,
796 1801 882 1832 unde
918 1801 1057 1841 pendeat
1104 1801 1326 1833 drachmam.”

143 1844 298 1885 Possibly
335 1843 524 1875 drachmam
562 1844 591 1874 is
628 1844 799 1884 governed
838 1843 883 1884 by
920 1844 1031 1875 dedere
1068 1843 1188 1875 above.
1236 1844 1327 1875 Both

143 1887 253 1918 eadem
277 1911 284 1918 .
311 1911 319 1918 .
346 1911 353 1918 .
372 1887 518 1926 facerent
535 1886 603 1917 and
621 1886 768 1925 buylosso
793 1911 800 1918 .
828 1911 836 1918 .
862 1911 870 1918 .
895 1886 1252 1928 liberari—especially
1269 1887 1328 1918 the

143 1929 369 1960 latter—look
397 1929 464 1960 like
493 1929 579 1960 later
607 1929 792 1961 additions.
840 1929 952 1970 Pliny,
982 1929 1057 1960 who
1087 1940 1154 1960 was
1183 1929 1265 1961 fond
1293 1930 1331 1961 of

143 1972 373 2013 parentheses,
389 1982 470 2012 may
486 1972 574 2003 have
590 1972 701 2003 added
718 1982 781 2002 one
798 1982 835 2003 or
851 1972 935 2003 both
952 1972 990 2003 of
1001 1972 1096 2003 them
1112 1983 1149 2003 as
1164 1983 1208 2003 an
1224 1972 1325 2004 after-

142 2015 303 2055 thought,
324 2015 544 2056 overlooking
562 2015 621 2046 the
640 2015 711 2046 fact
731 2015 809 2046 that
827 2025 864 2046 so
884 2015 987 2056 doing
1005 2018 1105 2056 upset
1123 2015 1183 2047 the
1201 2019 1327 2057 syntax

143 2057 181 2088 of
195 2058 253 2088 the
271 2068 423 2099 passage.

149 2129 217 2166 352
